3252 5082
592 381 814 446 ..33-

23 577 27 614 t
101 561 274 644 particula
317 562 431 646 incipit
465 583 485 624 a
518 558 630 623 verbis
666 559 814 623 ‘alterum
837 581 956 644 ›genus
1004 559 1073 623 est'.
1133 558 1288 624 Concedo

23 685 30 721 τΑ
102 666 377 732 errorem-facile
400 669 494 731 nasci
517 668 676 752 potuisse,
702 665 762 730 sed
785 676 894 730 tamen
920 689 1010 730 error
1034 676 1085 730 est
1094 665 1126 750 ¹).

222 792 379 876 Ambigui
403 793 543 877 species,
570 789 757 877 ‘dequibus
779 801 831 854 est
853 791 1002 855 doctrina
1026 791 1187 877 quaedam
1213 813 1289 877 sup·

22 883 36 942 ³3
101 898 221 981 tilior',
245 922 310 963 non
336 921 450 962 omnes
475 907 645 962 enumerat
670 896 801 979 Cicer03
826 897 897 961 fieri
921 907 1029 961 autem
1054 907 1171 982 potest,
1196 901 1287 962 utin

22 1011 35 1046 ³¹
101 1005 205 1070 libris
233 1005 460 1091 Peripateticis
496 1004 589 1090 plura
625 1004 666 1068 de
700 1003 912 1089 ambiguitate
949 1004 1113 1090 disputata
1150 1005 1286 1084 fuerint;

22 1116 34 1152 ff·
100 1135 191 1176 num
215 1115 312 1176 etiam
337 1113 523 1191 συνωνυμὶα
551 1122 583 1174 et
605 1107 778 1190 ἀδολεσχία
807 1113 878 1174 eius
904 1113 1032 1196 species
1062 1109 1157 1176 sunt?
1194 1112 1287 1175 Haec

25 1205 33 1260 3'
101 1220 200 1283 enim
223 1241 346 1303 genera
370 1221 518 1304 sequitur
541 1223 574 1282 in
598 1227 736 1282 tractatu
753 1216 953 1304 Coisliniano
972 1220 1174 1301 napnvopta,
1200 1219 1287 1303 apud

23 1335 26 1367 ‘⁴
101 1324 309 1391 Ciceronem
332 1335 440 1389 autem
458 1327 606 1411 sequitur
621 1326 846 1407 παρονομασία
870 1325 986 1404 §2562
1013 1325 1160 1390 ‘alterum
1180 1347 1287 1408 genus

23 1443 43 1477 2¹·
101 1443 172 1514 est,
198 1433 285 1519 quod
310 1432 409 1496 habet
433 1454 567 1518 parvam
591 1431 685 1496 verbi
710 1433 976 1514 immutationem,
1002 1432 1089 1518 quod
1116 1435 1150 1496 in
1180 1431 1287 1496 littera

23 1559 25 1574 ‘
101 1541 255 1625 positum
292 1539 413 1603 Graeci
447 1549 567 1602 vocant
601 1537 867 1621 nopovcpootav’.
929 1539 1036 1624 Atque
1076 1541 1288 1621 παρωνυμίαν

22 1659 29 1708 ’.’
101 1655 268 1710 tractatus
293 1644 485 1710 Coisliniani
509 1645 650 1710 eandem
672 1644 767 1710 nobis
799 1667 874 1709 esse
898 1646 1004 1709 videri
1028 1656 1125 1731 atque
1149 1667 1286 1729 παρονο-

21 1739 28 1798 Ῠ
102 1754 233 1834 μασίαν
249 1766 433 1816 ceterorum
454 1775 554 1838 supra
569 1752 711 1817 diximus
719 1751 760 1836 2);
785 1752 825 1815 ab
843 1751 1021 1816 Aristotele
1045 1753 1133 1816 idem
1151 1753 1287 1817 schema

22 1873 27 1910 ἵ
103 1869 248 1925 vocatur
271 1856 360 1940 παραὶ
386 1856 522 1944 γράμμα
545 1858 684 1939 σκῶμμα
693 1859 729 1944 ³).

23 1963 41 2065 Ἰ
218 1967 447 2051 lnterpretatio
472 1968 613 2030 nominis
650 1967 679 2051 (ξ
707 1965 786 2050 257)
815 1969 945 2051 species
982 1951 1033 2030 est
1065 1967 1124 2048 τῆς
1148 1988 1286 2049 παρονο-

22 2078 40 2100 ·“
103 2076 242 2153 pactae
271 2096 333 2136 nec
357 2076 480 2137 maiore
504 2075 574 2137 iure
599 2072 639 2136 ab
665 2072 727 2137 hoc
750 2095 873 2157 genere
898 2095 1053 2159 separare
1078 2073 1156 2136 licet
1178 2095 1286 2158 παρῳ-

20 2216 21 2219 ¹
105 2178 224 2265 orac),
251 2202 335 2266 quae
359 2180 412 2243 hic
436 2190 470 2244 ut
494 2179 581 2266 apud
597 2179 808 2244 Aristotelem
833 2181 875 2266 (p.
895 2182 980 2244 1412
997 2203 1017 2244 a
1033 2178 1089 2265 29)
1113 2183 1288 2245 coniuncta

105 2298 161 2352 est
196 2310 269 2352 cum
305 2283 396 2369 παραὶ
432 2283 568 2370 γράμμα
602 2283 779 2367 σκώμματι.
833 2287 932 2373 Apud
955 2288 1162 2352 Demetrium
1198 2287 1286 2352 idem

104 2415 215 2480 genus
240 2394 375 2458 affertur
399 2393 418 2478 ξ
446 2393 517 2459 150.

217 2499 465 2585 Subiunguntur
481 2524 501 2563 a
516 2500 677 2565 Cicerone
693 2499 868 2586 proverbia
884 2501 1020 2565 ridicule
1039 2501 1200 2580 adhibita3
1225 2501 1285 2566 sed

106 2608 199 2695 quod
222 2608 314 2671 dicit:
349 2607 462 2693 'quare
491 2629 529 2671 ea
558 2628 688 2693 quoque
717 2609 869 2691 quoniam
905 2610 1037 2672 mutatis
1074 2607 1184 2672 verbis
1220 2631 1285 2672 non

29 2706 35 2801 j
105 2725 248 2802 possunt
263 2717 402 2778 retinere
426 2715 565 2779 eandem
581 2724 799 2797 venustatem,
824 2738 889 2779 non
914 2717 947 2778 in
971 2738 1007 2778 re
1033 2715 1149 2780 sedin
1173 2715 1286 2779 verbis

30 2820 33 2837 '
105 2824 215 2910 posita
240 2819 410 2886 ducantur'
438 2844 587 2907 pugnare
615 2821 747 2886 videtur
775 2831 889 2885 contra
917 2821 1083 2885 diversam
1112 2822 1284 2886 cuiusdam

107 2931 279 3015 scriptoris
297 2932 503 3011 sententiam,
529 2952 568 2992 ac
592 2952 627 2993 re
653 2952 731 2993 vera
755 2929 842 3014 apud
860 2930 1066 2994 Demetrium
1090 2930 1123 3012 (ξ
1150 2930 1227 3014 156)
1252 2933 1285 2994 in

105 3036 207 3101 rebus
246 3038 378 3122 ponitur
415 3038 582 3119 παροιμία.
634 3037 727 3101 Haec
767 3039 865 3120 igitur
903 3036 1073 3122 dispositio
1114 3039 1211 3100 etiam
1252 3039 1285 3100 in

107 3145 279 3209 Ciceronis
303 3143 394 3207 fonte
418 3144 523 3207 fuisse
548 3144 687 3208 videtur.

216 3250 313 3330 Quod
338 3250 456 3314 deinde
481 3251 646 3314 subnectit
669 3249 786 3315 Cicero
816 3251 894 3334 (259
917 3254 980 3313 ‘est
1004 3253 1101 3314 etiam
1124 3253 1157 3314 in
1181 3251 1284 3315 verbo

106 3359 251 3444 positum
275 3381 341 3421 nou
358 3357 518 3422 insulsum
543 3379 649 3441 genus
674 3380 716 3420 ex
741 3381 779 3421 eo
804 3378 903 3441 quom
928 3357 969 3421 ad
993 3356 1130 3421 verbum
1156 3380 1221 3421 non
1242 3358 1285 3421 ad

107 3464 301 3529 sententiam
337 3487 406 3528 rem
437 3468 589 3550 accipere
613 3461 755 3529 videare'
781 3465 864 3550 eqs),
888 3465 976 3550 apud
1002 3475 1129 3530 ceteros
1154 3468 1186 3528 in
1212 3487 1284 3528 ver-

218 3714 236 3780 ¹)
256 3712 383 3781 Decepta
411 3711 504 3781 opinio
533 3715 672 3766 tractatur
700 3716 731 3780 ἐξ
760 3712 813 3765 284
822 3731 896 3781 sqq.;
926 3717 1005 3781 ‘quae
1024 3730 1129 3781 genera
1153 3714 1280 3782 <post>

106 3817 268 3872 percurram
281 3801 418 3869 equidem'
430 3801 609 3854 scribendum
620 3803 752 3870 proponit
765 3801 853 3870 Elter‚
871 3819 925 3871 qua
948 3802 1144 3856 emendatione
1168 3806 1284 3870 accepta

107 3890 174 3944 ‘sed'
194 3891 267 3957 quod
287 3891 411 3958 sequitur
431 3891 502 3944 bene
522 3890 678 3959 explicatur
697 3891 754 3959 t‘ac'
778 3891 852 3944 male
872 3891 991 3946 coniecit
1011 3891 1114 3954 Adler).

215 3979 449 4049 bdpfflst

216 4069 236 4133 ³)
256 4067 336 4133 Quod
349 4069 515 4123 vocabulum
528 4087 584 4122 non
593 4069 745 4139 ignorabat
755 4068 858 4134 Cicero,
869 4070 904 4125 cf.
920 4071 1070 4138 epistulam
1083 4072 1121 4125 ad
1131 4072 1161 4126 P.
1172 4071 1283 4125 Volum-

105 4159 184 4212 nium
202 4158 315 4211 missam
333 4159 381 4224 (ad
399 4159 465 4210 fam.
487 4157 538 4210 VH
556 4158 636 4226 32,2).

214 4249 236 4312 ⁴)
255 4246 315 4301 Hoc
337 4247 514 4311 vocabulum,
543 4247 618 4314 quod
643 4263 676 4301 eo
704 4265 787 4300 sensu
816 4266 907 4316 neque
926 4250 962 4303 ab
982 4249 1135 4303 Aristotele
1154 4266 1246 4318 neque
1268 4267 1284 4302 a
1363 4233 1366 4237 ι

105 4335 251 4390 Demetrio
269 4352 360 4404 neque
379 4353 396 4390 a
416 4336 550 4390 Cicerone
567 4340 727 4404 usurpatur,
747 4339 842 4389 exstat
859 4337 934 4405 apud
949 4335 1149 4400 Quintilianum
1163 4337 1202 4390 VI
1214 4337 1285 4401 3‚97.

105 4424 290 4494 Hermogenis
308 4422 430 4494 παρῳδία
450 4424 491 4490 (ΙΙ
509 4424 563 4478 4ὃ3
582 4425 639 4494 Sp.)
657 4425 844 4495 παράγραμμα
863 4426 956 4494 potius
978 4429 1028 4479 est.

1086 4516 1103 4569 3
