3252 5082
676 1391 741 1456 III.

108 1587 181 1682 iio
194 1585 514 1700 Quintilianeae
531 1543 845 1702 disputationis
862 1589 1009 1686 intole
1030 1595 1074 1686 et
1089 1591 1296 1690 tontibus.

507 1782 660 1866 (insutus.
686 1785 765 1846 orat.
791 1781 839 1846 vo
863 1783 908 1866 3).

230 1941 447 2008 Gravioribus
484 1942 667 2021 affectibus,
704 1965 786 2028 quos
822 1942 924 2008 altero
961 1947 1046 2008 sexti
1079 1946 1155 2009 libri
1190 1949 1297 2033 capite

112 2060 241 2115 tractat
256 2049 488 2130 Quintilianus,
512 2051 661 2134 proxima
684 2059 777 2134 parte
801 2052 903 2114 risum
928 2054 1072 2137 opponit,
1097 2075 1161 2117 non
1186 2064 1295 2118 tamen

111 2163 164 2222 ita
200 2166 235 2220 ut
257 2157 345 2220 hunc
370 2178 444 2220 cum
466 2153 532 2220 illis
556 2166 737 2242 conoparet3
763 2158 822 2221 sed
847 2157 929 2222 haec
954 2181 1085 2245 quoque
1109 2160 1296 2246 disputatio,

111 2277 154 2330 ut
168 2265 237 2328 dixi
249 2265 339 2328 initio
354 2263 602 2338 dissertationis,
614 2286 689 2328 cum
700 2267 818 2328 ceteris
830 2265 979 2351 partibus
992 2265 1107 2330 leviter
1119 2268 1296 2332 admodum

115 2371 288 2451 cohaeret,
314 2373 467 2456 quoniam
492 2371 633 2457 propriis
660 2369 753 2435 libris
782 2371 836 2436 vel
865 2373 1057 2437 tractatibus
1088 2374 1128 2438 de
1157 2375 1295 2440 ridiculo

116 2501 222 2564 agere
247 2477 405 2542 solebant.
441 2477 494 2540 De
510 2475 665 2558 fontibus,
691 2500 733 2541 ex
756 2479 875 2564 quibus
893 2479 1087 2565 profluxerit
1105 2480 1297 2561 Quintiliani

115 2588 281 2667 doctrina,
317 2586 458 2670 primum
493 2587 603 2670 ipsum
638 2588 833 2670 scriptorem
861 2587 1144 2672 interrogabimus.
1194 2588 1296 2654 Cuius

114 2718 164 2758 ex
192 2692 302 2756 verbis
327 2693 358 2776 (ᾖ
375 2693 428 2775 11)
458 2695 609 2778 ‘suntque
634 2691 733 2758 adid
758 2695 954 2779 pertinentia
978 2704 1045 2758 eta
1062 2695 1201 2761 Graecis
1226 2707 1258 2761 et
1278 2720 1297 2760 a

113 2802 246 2865 Latinis
288 2802 470 2886 composita
502 2799 688 2886 praecepta'
727 2799 857 2885 colligat
888 2802 1052 2886 quispiam
1081 2825 1157 2866 eum
1185 2802 1296 2889 plures

113 2909 254 2972 novisse
290 2906 386 2971 huius
421 2909 470 2970 rei
502 2916 674 2989 tractatus;
711 2908 771 2972 sed
805 2930 906 2972 unum
941 2919 1066 2972 tantum
1103 2912 1295 2996 scriptorem

114 3025 262 3100 excepto
270 3013 429 3079 Cicerone
442 3025 554 3100 aperte
567 3015 738 3100 profitetur
750 3037 786 3078 se
798 3013 936 3099 legisse:
950 3015 1129 3080 Domitium
1139 3017 1295 3097 Marsum,

118 3143 221 3207 quem
268 3123 443 3206 scripsisse
490 3122 531 3185 de
571 3122 753 3186 urbanitate
802 3125 891 3186 solus
932 3122 1153 3203 Quintilianus
1200 3125 1297 3188 tradit

115 3229 176 3314 (ἐξ
203 3228 350 3314 102s03).
389 3229 455 3292 Sed
478 3229 589 3293 Marso
614 3229 693 3314 quid
717 3228 835 3293 debeat
859 3228 1091 3294 difficillimum
1120 3237 1173 3296 est
1196 3232 1296 3312 dictu,

117 3335 211 3422 quod
236 3335 277 3400 de
300 3335 410 3400 indole
433 3335 521 3400 illius
544 3334 620 3400 libri
642 3358 748 3421 paene
772 3335 853 3399 nihil
877 3339 1010 3400 scimus,
1051 3337 1091 3401 In
1113 3338 1297 3423 appendice

118 3452 248 3506 tantum
273 3441 502 3529 disputationis
527 3446 668 3529 scriptor
690 3443 790 3506 Marsi
816 3445 1015 3507 mentionem
1039 3444 1129 3525 facit,
1154 3466 1297 3530 quocum

120 3550 165 3613 de
188 3551 320 3614 notione
345 3573 383 3614 ac
407 3553 441 3614 vi
465 3550 678 3615 ‘urbanitatis’
703 3573 770 3615 nou
795 3551 969 3614 consentit.
1005 3551 1090 3614 Nam
1115 3551 1297 3616 secundum

118 3656 225 3720 Marsi
247 3657 423 3738 finitiones,
449 3681 532 3745 quas
556 3658 650 3722 affert
665 3657 885 3738 Quintilianus
903 3660 945 3738 ἓξ
966 3658 1100 3742 104Χο5,
1126 3659 1297 3745 ‘quidquid

125 3763 211 3827 bene
228 3764 355 3845 dicitur,
380 3775 413 3829 et
428 3763 553 3828 urbane
571 3765 649 3828 dicti
664 3786 785 3828 nomen
801 3762 942 3847 accipit’,
960 3774 1058 3848 atque
1074 3766 1108 3828 in
1125 3787 1298 3829 numerum

123 3869 251 3935 urbane
268 3871 430 3936 dictorum
445 3873 571 3958 recepit
586 3870 640 3935 ille
658 3871 829 3957 quaedam,
848 3892 942 3957 quae,
960 3893 1158 3957 quamquam
1176 3874 1297 3959 optime

122 3977 211 4042 dicta
228 3988 313 4061 sunt,
330 3989 441 4042 tamen
457 3977 657 4059 Quintiliano
674 4000 793 4042 nomen
806 3977 1000 4041 urbanitatis
1012 3980 1131 4042 iniuria
1143 3981 1296 4065 accipere

118 4086 282 4168 videntur.
330 4085 471 4150 Omnino
495 4088 646 4172 scriptori
668 4087 732 4171 ipsi
749 4085 916 4148 urbanitas
931 4089 1008 4149 ‘non
1023 4095 1090 4148 tam
1108 4087 1140 4149 in
1159 4085 1296 4170 singulis

120 4193 219 4257 dictis
244 4214 341 4278 quarn
365 4195 399 4257 in
423 4203 489 4257 toto
520 4193 628 4257 colore
660 4187 800 4255 dicendi³
831 4213 906 4255 esse
934 4191 1073 4256 videtur.
1122 4191 1156 4256 Si
1187 4201 1296 4257 autem

120 4310 253 4387 praeter
275 4300 414 4366 ridicula
438 4303 533 4364 seriis
558 4322 688 4386 quoque
713 4298 809 4362 dictis
834 4320 954 4362 nomen
979 4299 1172 4362 urbanitatis
1196 4300 1295 4363 tribu-

122 4407 243 4471 endum
281 4410 333 4489 sit,
368 4407 423 4471 illa
459 4411 567 4494 potius
603 4407 729 4472 urbana
764 4428 806 4469 ex
842 4406 928 4468 serio
965 4428 1000 4468 se
1029 4405 1192 4469 dicturum
1221 4429 1296 4470 esse
