3252 5082
550 383 770 445 ..χχ-

84 561 277 624 Demetrium
309 559 390 624 libro
420 561 493 643 περὶ
521 557 651 640 χάριτος
683 561 803 644 scripto
833 573 930 622 usum
960 581 1035 622 esse
1068 556 1247 622 verisimile

84 678 136 731 est.
182 668 296 732 Nonne
322 677 494 752 praeterea
517 669 549 730 in
574 667 625 730 his
651 665 821 730 Ciceronis
846 665 957 730 verbis
982 665 1093 746 (2l9lz
1124 666 1250 728 ‘natura

84 777 162 837 enim
185 773 279 858 fingit
302 773 452 838 homines
478 783 510 837 et
533 785 623 837 creat
645 775 826 838 imitatores
850 782 882 834 et
904 781 1092 836 narratores
1113 769 1248 834 facetos’

83 879 259 944 Aristotelis
290 883 485 944 sententiam
520 897 760 963 recognoscere
795 878 855 942 tibi
885 879 1006 943 videris
1036 886 1137 964 (poet.
1167 880 1189 942 4
1217 902 1248 963 p.

86 988 162 1052 1448
185 987 205 1048 b
229 987 278 1065 bl:
310 985 349 1049 τό
376 1011 409 1048 τε
436 985 500 1068 γάρ
523 990 696 1067 μιμεῖσθαι
720 983 890 1070 σύμφυτον
912 995 979 1059 τοϊς
1001 983 1194 1068 ἀνθρώποις
1215 987 1251 1046 ἐκ

83 1092 203 1155 παίδων
225 1093 314 1156 dori?
675 1157 677 1163 ,

182 1201 309 1265 Deinde
328 1202 413 1286 quod
430 1203 448 1284 ξ
464 1203 523 1266 221
546 1201 662 1266 Cicero
688 1201 767 1265 dicit
788 1202 875 1266 dicta
891 1212 1004 1265 tenere
1022 1200 1250 1265 difficillimum
1305 1267 1311 1283 ,

83 1331 162 1388 esse,
196 1309 275 1371 mihi
312 1308 444 1394 quidem
480 1331 674 1394 persuasum
712 1319 763 1372 est
793 1311 892 1374 etiam
920 1309 1156 1394 Peripateticos
1187 1307 1250 1371 hoo

83 1413 279 1486 observasse,
306 1438 381 1479 cum
399 1419 462 1479 iam
479 1415 674 1479 Aristoteles
693 1418 741 1478 sic
759 1415 926 1480 describat
945 1411 1021 1488 τοὺς
1044 1410 1251 1494 βωμολόχους

83 1521 155 1602 leth.
171 1523 296 1587 Nicom
314 1523 361 1587 IV
380 1524 421 1586 14
437 1546 467 1608 p.
488 1523 573 1586 1128
590 1546 609 1585 a
626 1521 676 1606 4):
701 1519 888 1602 γλιχόμενοι
903 1519 1033 1594 πάντως
1047 1522 1104 1584 τοῦ
1127 1520 1252 1598 γελοίου

82 1627 128 1686 καὶ
161 1626 288 1707 μᾶλλον
323 1625 554 1708 στοχαζόμενοι
589 1629 645 1691 τοῦ
683 1628 806 1706 γέλωτα
835 1629 972 1712 ποιῆσαι
1004 1631 1025 1713 ἢ
1060 1629 1117 1690 τοῦ
1148 1626 1252 1705 λέγειν

82 1731 260 1818 εὐσχήμονα
283 1737 334 1796 καὶ
352 1733 394 1818 μὴ
414 1736 529 1798 λυπεῖν
544 1733 603 1799 ἰόν
620 1734 859 1816 σκωπτόμενον.
899 1737 982 1802 Oum
1001 1737 1120 1823 quibus
1137 1735 1249 1800 verbis

87 1843 319 1928 comparandae
351 1853 427 1907 sunt
451 1841 622 1908 Ciceronis
647 1843 685 1930 ἐξ
711 1845 898 1924 att-247,
931 1843 985 1908 ubi
1015 1845 1150 1929 exponit
1173 1843 1252 1930 quid

82 1950 200 2014 intersit
223 1953 308 2014 inter
329 1960 492 2014 oratorem
510 1961 541 2014 et
558 1973 714 2031 scurram,
739 1953 904 2037 inprimis
922 1963 1030 2014 autem
1048 1951 1130 2014 haec
1148 1950 1251 2032 (247)τ

83 2061 240 2142 ‘temporis
254 2060 352 2143 igitur
363 2060 444 2122 ratio
458 2068 490 2122 et
502 2060 606 2144 ipsius
617 2058 800 2122 dicacitatis
808 2058 988 2123 moderatio
1000 2069 1032 2122 et
1039 2060 1253 2142 temperantia

82 2175 113 2224 et
134 2167 244 2228 raritas
271 2165 432 2230 dictorum
456 2166 635 2250 distinguet
659 2175 820 2230 oratorem
837 2189 856 2228 a
873 2187 996 2248 scurra,
1022 2176 1054 2229 et
1078 2165 1165 2252 quod
1188 2189 1248 2229 nos

83 2291 151 2333 cum
167 2295 267 2337 causa
283 2272 433 2354 dicimus,
451 2296 516 2337 non
529 2289 565 2336 ut
577 2273 705 2337 ridiculi
718 2273 898 2346 videamur,
918 2273 977 2336 sed
990 2283 1025 2336 ut
1037 2272 1248 2359 proficiamus

83 2375 206 2462 aliquid,
231 2378 276 2442 illi
301 2388 403 2444 totum
428 2380 515 2444 diem
545 2391 577 2443 et
605 2383 675 2444 sine
706 2403 817 2445 causa.
855 2419 897 2425 -
932 2382 1035 2444 risum
1074 2380 1247 2466 quaesivit,

82 2487 132 2567 qui
149 2496 195 2550 est
212 2511 285 2550 mea
298 2491 460 2550 sententia
472 2486 525 2550 vel
539 2489 752 2552 tenuissimus
765 2490 888 2573 ingenii
901 2487 1049 2552 fructus]
1075 2489 1250 2552 Praeterea

82 2588 157 2654 haec
172 2617 231 2658 nos
248 2594 425 2659 admonent
441 2595 628 2658 Plutarchei
651 2594 737 2658 illius
755 2597 871 2680 capitis
890 2595 977 2681 quod
994 2617 1094 2680 supra
1111 2594 1248 2674 adscivi,

83 2697 133 2759 ubi
150 2699 314 2765 hominum
336 2713 367 2764 et
392 2711 577 2788 temporum
594 2704 754 2766 rationem
770 2703 955 2768 habendam
972 2725 1047 2766 esse
1065 2702 1248 2765 didicimus

180 2809 217 2891 ἐξ
233 2809 298 2873 225
316 2833 387 2895 sqq.
414 2833 489 2874 cum
505 2809 636 2874 facetiis
655 2821 861 2896 eomparatur
877 2813 928 2874 vis
945 2813 1062 2894 tragici
1078 2811 1249 2889 sermome,

83 2923 114 2974 ut
149 2927 303 3001 appareat
337 2926 511 3002 utrumque
547 2940 652 3000 genus
689 2920 807 2981 oratori
837 2917 915 2982 utile
949 2941 1040 3000 esse3
1077 2939 1116 2980 ne
1152 2915 1250 2982 talem

83 3019 206 3102 quidem
242 3026 520 3108 comparationem
555 3023 695 3087 alienam
731 3047 806 3088 esee
841 3048 860 3088 a
895 3025 986 3088 libris
1023 3026 1250 3110 Peripateticis

83 3125 172 3192 docet
194 3131 395 3195 Demetrius,

181 3237 263 3302 lnde
289 3264 307 3301 a
331 3241 349 3317 ξ
373 3239 438 3304 235
469 3241 575 3324 ipsam
605 3241 775 3303 materiam
803 3246 943 3302 tractare
973 3240 1087 3324 incipit
1116 3237 1249 3319 Caesar,

85 3361 174 3422 qnam
209 3347 242 3406 in
278 3347 422 3430 quinque
457 3357 568 3432 partes
601 3346 724 3411 dividit.
774 3346 826 3409 Ad
860 3347 996 3431 primam
1027 3346 1250 3431 quaestionem

85 3445 171 3532 (quid
188 3451 241 3535 sit)
257 3475 453 3538 responsum
471 3477 535 3518 non
549 3455 654 3530 datur,
669 3456 745 3538 quia
760 3475 868 3538 neque
885 3474 1080 3538 responsum
1097 3452 1251 3515 idoneum

86 3553 245 3626 inventurn
270 3561 312 3622 sit
320 3557 343 3643 1)
367 3581 474 3642 neque
500 3559 542 3624 ad
558 3560 754 3623 rhetoricam
770 3559 804 3623 id
821 3562 991 3645 pertineat.
1028 3558 1125 3623 Unde
1142 3569 1251 3622 autem

86 3661 124 3722 sit
147 3665 329 3744 ridiculum,
354 3665 451 3750 plane
473 3667 655 3731 secundum
672 3665 861 3730 Aristotelis
879 3667 1060 3730 doctrinam
1079 3668 1252 3751 exponitur

87 3771 102 3842 ξ
129 3771 203 3836 236:
241 3772 343 3838 ‘locus
373 3784 483 3838 autem
518 3784 550 3837 et
577 3777 667 3857 regio
700 3776 796 3860 quasi
824 3773 952 3838 ridiculi
988 3773 1188 3860 turpitudine
1221 3783 1252 3835 ct

88 3872 285 3944 deformitate
311 3880 452 3964 quadam
477 3884 668 3945 continetur.
706 3883 799 3946 Haec
823 3883 910 3945 enim
933 3881 1082 3944 ridentur
1106 3879 1159 3944 vel
1183 3879 1253 3944 sola

88 3981 135 4044 vel
158 3989 297 4050 maxime
323 4009 407 4074 quae
432 3999 544 4053 notant
568 3999 599 4052 et
624 3991 754 4072 signant
778 3988 1011 4074 turpitudinem
1027 3988 1169 4074 aliquam
1187 4011 1252 4052 non

87 4093 233 4175 mrpiter!
280 4093 429 4159 Eandem
465 4098 658 4159 sententiam
695 4096 884 4158 invenimus
909 4097 938 4158 in
967 4094 1153 4158 Aristotelis
1183 4106 1251 4157 arte

89 4201 208 4276 poetica
230 4202 313 4287 (cap.
339 4203 358 4266 5
383 4227 414 4288 p.
435 4203 520 4266 1449
545 4225 564 4264 a
587 4203 659 4283 32):
689 4198 725 4263 vd
749 4198 812 4282 γάρ
834 4198 960 4276 γελοῖόν
983 4202 1049 4263 ἐστι
1074 4197 1250 4284 όμόρτημό

191 4435 209 4496 ¹)
228 4433 264 4486 cf.
284 4437 299 4498 ξ
319 4433 380 4486 alt.
