3252 5082
802 377 1023 440 -10-

433 552 516 616 Tota
550 555 649 636 igitur
676 555 812 617 materia
836 553 991 618 dividitur
1020 541 1064 618 in
1090 554 1173 620 duas
1202 564 1322 639 partes,
1359 564 1394 618 ut
1428 554 1498 626 fieri

327 657 461 724 solebat.
509 659 657 723 Eandem
675 660 869 724 divisionem
886 661 1088 747 Bernaysins
1105 661 1244 725 subesse
1259 660 1395 746 putabat
1410 662 1498 748 apud

326 765 537 830 Aristotelem
561 789 591 851 p.
617 767 702 831 1372
727 789 747 830 a
774 769 806 850 13
838 767 926 852 qnod
949 791 1015 832 non
1043 777 1169 832 rectum
1194 791 1269 832 esse
1294 789 1394 853 supra
1418 767 1497 832 dixi·

326 877 441 957 mus¹J3
466 883 499 936 at
522 883 574 937 est
597 895 636 938 ea
661 872 788 944 divisio,
816 897 880 960 qua
904 877 1005 938 ceteri
1030 897 1144 956 omnes
1170 877 1222 939 usi
1247 884 1333 940 sunt.

432 979 628 1044 Rectissime
652 979 860 1067 homonymia
890 992 1101 1046 enumeratur
1128 984 1213 1046 inter
1240 980 1369 1045 ridiculi
1396 981 1496 1062 leoco,

327 1109 401 1150 cum
425 1089 556 1173 species
581 1089 624 1151 sit
646 1087 836 1172 ambigui²);
874 1089 1064 1172 ambiguum
1088 1090 1173 1152 enim
1199 1091 1283 1152 inter
1307 1088 1398 1152 locos
1422 1087 1497 1151 ridi·

327 1191 391 1257 culi
414 1196 571 1257 essevix
600 1192 709 1258 dicere
741 1216 824 1282 opus
854 1204 917 1277 est3
954 1217 1071 1260 moneo
1101 1206 1210 1260 tamen
1233 1219 1253 1258 a
1277 1195 1438 1260 Cicerone
1466 1195 1498 1258 id

326 1301 435 1364 afferri
458 1301 499 1364 de
534 1301 770 1380 01=at.11253,
807 1325 826 1365 a
858 1301 1058 1383 Quintiliano
1087 1302 1132 1365 VI
1161 1303 1247 1380 3,47.
1297 1303 1497 1387 Bernaysius

326 1416 434 1470 autem
469 1406 500 1491 (l.
539 1431 566 1472 c.
595 1431 625 1493 p.
663 1407 740 1492 171)
773 1431 839 1472 non
874 1410 972 1473 modo
1008 1410 1051 1473 ad
1084 1409 1235 1494 exempla
1270 1409 1497 1495 homonymiac

326 1536 409 1598 quae
426 1512 618 1579 adferuntur
634 1514 675 1578 ab
693 1514 870 1580 Aristotele
895 1518 927 1578 in
944 1525 1013 1580 arte
1030 1515 1194 1580 rhetorica
1211 1515 1278 1598 (III
1296 1517 1346 1598 11,
1363 1538 1395 1601 p.
1414 1516 1498 1580 1412

326 1621 346 1686 b
371 1621 521 1707 csqqy)
545 1621 677 1686 lectoris
702 1624 844 1686 animum
871 1633 1065 1688 convertere
1089 1622 1240 1704 debebat,
1278 1623 1337 1686 sed
1366 1645 1406 1685 ea
1428 1624 1499 1706 ipsa

325 1750 389 1804 res,
416 1728 504 1814 quod
528 1727 721 1793 urbanitatis
744 1751 850 1813 genus
876 1739 936 1810 est,
961 1732 991 1794 ei
1015 1730 1047 1793 in
1072 1729 1220 1794 ridiculis
1245 1730 1357 1794 sedem
1383 1728 1446 1793 dat.

432 1835 541 1899 Minus
570 1847 644 1924 apte
669 1858 768 1922 quam
803 1835 1013 1923 homonymia
1042 1839 1238 1922 synonymia
1265 1839 1348 1901 inter
1377 1859 1498 1920 genera

326 1940 463 2006 ridicula
479 1953 613 2028 recepta
629 1965 705 2006 esse
721 1943 860 2023 videtur,
886 1965 970 2029 quae
994 1966 1030 2007 re
1054 1965 1134 2006 vera
1149 1966 1256 2030 neque
1279 1946 1312 2007 in
1337 1966 1376 2006 eo
1394 1944 1498 2027 capite

327 2051 404 2112 artis
429 2049 621 2125 rhetoricae,
647 2052 679 2114 in
704 2072 768 2135 quo
792 2052 877 2117 inter
900 2050 1091 2114 facetiarum
1116 2073 1241 2135 genera
1257 2051 1496 2135 homonymiam

327 2158 510 2220 enumerari
527 2157 680 2238 vidimus,
702 2159 859 2242 usquein
878 2159 996 2220 ceteris
1015 2156 1172 2241 catalogis
1196 2167 1367 2239 tractatum
1391 2167 1496 2220 tamen

327 2264 423 2327 etiam
448 2285 486 2326 eo
510 2263 607 2326 modo
632 2266 724 2326 iocus
749 2265 840 2326 nasei
857 2273 975 2349 potest,
999 2274 1036 2328 ut
1058 2263 1194 2328 alterum
1220 2263 1416 2329 vocabulum
1441 2285 1497 2348 pro

326 2369 427 2434 altero
452 2392 558 2455 paene
587 2371 674 2434 idem
704 2371 911 2454 significante
935 2380 1076 2456 ponatur
1104 2369 1156 2451 (cl.
1180 2371 1330 2457 Bernays
1354 2394 1385 2456 p.
1414 2370 1496 2452 172).

432 2473 617 2556 Ἀδολεσχία
648 2477 688 2541 ab
713 2476 892 2541 Aristotele
922 2480 1020 2542 etiam
1049 2480 1081 2541 in
1112 2500 1150 2541 eo
1187 2479 1294 2563 capite
1324 2479 1402 2542 artis
1427 2475 1496 2540 rhe-

326 2587 448 2649 toricae
466 2594 748 2666 commemoratur,
774 2585 862 2669 quod
880 2596 930 2648 est
954 2585 995 2648 de
1012 2583 1195 2649 elocutione
1220 2583 1338 2669 frigida
1363 2581 1429 2668 (ΙΙΙ
1451 2580 1497 2669 3);

327 2687 503 2772 ἀδολέσχης
534 2690 577 2755 ibi
613 2693 642 2754 is
670 2702 815 2773 vocatur,
853 2694 908 2776 qui
943 2691 1053 2756 multis
1090 2700 1122 2754 et
1157 2692 1372 2776 supervacuis
1401 2691 1499 2754 utitur

327 2799 489 2884 epithetis.
538 2797 640 2862 Multa
669 2798 820 2884 exempla
849 2799 1029 2862 afferuntur
1062 2797 1224 2884 simulque
1260 2801 1401 2884 apparet
1423 2792 1497 2858 oido-

326 2903 456 2984 λεσχίαν
480 2904 520 2967 ab
545 2905 721 2968 Aristotele
757 2907 922 2970 intereas
958 2928 1011 2969 res
1037 2905 1180 2970 habitam
1216 2926 1301 2985 esse,
1338 2903 1497 2990 equibus

325 3011 486 3076 interdum
511 3015 598 3075 risus
623 3022 816 3076 nasceretur
839 3011 896 3096 (cf.
921 3035 1003 3098 quae
1028 3035 1128 3098 supra
1153 3013 1295 3076 diximus
1317 3036 1347 3096 p.
1366 3011 1410 3096 6).

433 3119 608 3198 Quaeritur
633 3120 761 3200 deinde,
787 3120 865 3204 quid
890 3122 932 3182 sit
947 3122 1154 3202 παρωνυμίας
1180 3128 1276 3205 atque
1302 3141 1340 3182 eo
1366 3118 1497 3204 quidem

326 3247 445 3300 sensu,
486 3248 550 3311 qno
589 3226 759 3290 vocabulis
798 3223 992 3307 παρώνυμος
1030 3237 1062 3290 et
1099 3222 1362 3310 παρωνυμιάζειν
1401 3227 1499 3288 utitur

325 3332 530 3404 Aristoteles,
555 3343 591 3396 nt
614 3335 678 3397 sint
693 3329 882 3397 ‘derivatus’
900 3343 933 3396 et
954 3330 1117 3397 ‘derivare
1142 3333 1279 3396 alterum
1303 3331 1499 3396 vocabulum

325 3439 366 3504 ab
390 3435 531 3514 alter0'4t
556 3479 598 3486 -
622 3463 698 3506 nam
724 3441 964 3504 substantivum
982 3441 1175 3523 παρωνυμὶα
1198 3442 1231 3502 in
1256 3439 1348 3502 libris
1373 3440 1498 3502 Aristo-

326 3546 399 3610 telis
417 3529 564 3611 'servatis
588 3570 654 3611 non
679 3546 796 3632 legitur
821 3585 863 3592 —
887 3551 920 3612 in
949 3547 1096 3631 catalogo
1126 3546 1275 3610 adhiberi
1298 3549 1354 3610 vix
1378 3555 1499 3630 potest3

325 3654 385 3718 sed
408 3653 548 3719 libenter
583 3655 804 3719 concedemus
834 3657 930 3718 etiam
962 3655 1093 3718 diverso
1130 3676 1232 3717 sensu
1262 3654 1295 3717 id
1319 3652 1498 3717 adhibitum

326 3784 400 3824 esse
424 3784 524 3846 posse
548 3761 601 3826 vel
638 3761 678 3824 ah
703 3761 916 3844 A1·ist0tele⁵).
965 3761 1019 3824 Me
1043 3761 1151 3824 iudice
1188 3762 1319 3824 omnino
1350 3782 1417 3824 non
1441 3760 1498 3822 du-

433 3976 453 4039 ¹)
474 3974 508 4028 of.
528 3993 554 4042 p.
574 3974 599 4026 4.

432 4064 452 4126 Ι)
473 4063 507 4116 of.
528 4062 644 4127 Quintil.
664 4061 717 4114 VII
736 4061 761 4122 9.
781 4061 812 4113 2:
841 4061 951 4129 singula
970 4061 1103 4114 adferunt
1129 4078 1261 4124 errorem,
1286 4078 1348 4112 cum
1371 4060 1499 4138 pluribus

325 4153 408 4206 rebus
428 4155 476 4206 aut
497 4151 654 4206 hominibus
674 4150 772 4204 eadem
792 4149 948 4220 appellatio
968 4154 1011 4205 est
1030 4149 1220 4220 {homonymia
1239 4149 1353 4214 dicitnr)
1373 4165 1430 4216 eqs.
1460 4193 1463 4198 .

433 4242 452 4309 3)
472 4241 635 4310 Excrnplnm
650 4239 787 4309 optimum
801 4239 919 4294 affertur
937 4242 965 4293 in
980 4241 1048 4294 artis
1062 4242 1133 4294 rhet.
1148 4240 1166 4292 l.
1187 4240 1212 4294 2.
1226 4258 1253 4308 p.
1269 4237 1336 4290 1401
1357 4254 1373 4290 a
1392 4237 1426 4289 12
1439 4255 1499 4305 sqq.

431 4333 453 4395 ¹¹>
474 4331 508 4384 of.
528 4335 619 4397 categ.
639 4349 666 4400 p.
689 4332 702 4382 l
724 4347 741 4384 a
760 4331 801 4394 11;
823 4331 857 4383 10
875 4347 893 4383 a
912 4330 1005 4398 2812&
1028 4330 1061 4382 10
1079 4331 1097 4384 b
1118 4330 1142 4394 1,
1163 4328 1190 4392 6;
1210 4328 1227 4380 6
1248 4328 1263 4380 b
1285 4327 1326 4382 13.

432 4422 452 4485 ⁵)
472 4421 564 4475 Etiam
584 4421 749 4490 synonymia
769 4421 838 4474 duos
857 4436 955 4473 sensus
974 4419 1060 4496 habet
1078 4418 1107 4471 in
1126 4418 1204 4472 libris
1224 4415 1417 4470 Aristoteliois.
