3252 5082
608 417 824 522 ,οό-

124 596 247 681 spexit,
265 593 365 657 solius
383 593 572 656 comoediae
589 595 748 657 rationem
768 593 923 657 habuisse
940 593 1083 676 videtur3
1101 592 1231 677 singula
1246 616 1300 677 ge-

123 723 209 765 nera
225 702 320 764 etiam
334 699 375 763 ab
392 699 570 764 Aristotele
584 700 744 785 exemplis
756 699 916 764 illustrata
929 722 1003 763 esse
1017 700 1194 764 verisimile
1208 705 1300 780 est1).

236 807 328 887 Quae
353 808 461 870 omnia
483 816 658 870 retractata
682 816 714 870 et
737 816 833 870 aucta
859 806 999 871 suntab
1024 805 1210 872 Aristotelis
1235 807 1301 871 dis-

126 913 256 998 cipulis.

703 1021 733 1085 3.

127 1179 304 1246 Demetrii
321 1179 364 1246 de
381 1180 584 1246 elocutione
605 1180 754 1248 libellus
771 1181 857 1264 quid
875 1181 1059 1248 contineat
1074 1181 1118 1247 de
1133 1181 1302 1248 ridiculo.

238 1304 268 1368 A
294 1303 432 1368 Graecis
457 1307 607 1390 proprios
632 1304 734 1368 libros
759 1307 959 1390 compositos
996 1329 1071 1370 esse
1096 1305 1299 1370 deridiculo

126 1420 290 1476 testantur
314 1411 430 1476 Cicero
460 1412 516 1496 (de
541 1420 620 1475 orat.
646 1412 681 1475 II
706 1413 784 1494 217)
814 1422 846 1476 et
869 1412 1090 1492 Quintilianus
1115 1413 1300 1498 (V13‚11).

124 1519 194 1582 Nos
220 1520 342 1582 scimus
367 1519 563 1602 eDiogenis
587 1519 710 1584 Laertii
727 1519 875 1604 catalogo
899 1518 1057 1584 librorum
1083 1519 1300 1606 Theophrasti

126 1625 185 1710 (V,
225 1625 281 1708 48)
322 1633 354 1689 et
392 1648 435 1687 ex
473 1625 642 1689 Athenaeo
683 1624 780 1710 (VIII
818 1649 849 1710 p.
889 1624 968 1710 348)
1015 1648 1034 1689 a
1073 1626 1301 1711 Theophrasto

127 1731 248 1796 librum
276 1732 316 1794 de
341 1731 479 1796 ridiculo
504 1734 662 1819 scriptum
687 1754 777 1815 esse3
803 1732 953 1796 sednon
976 1732 1073 1798 modo
1098 1733 1302 1797 interTheo-

125 1839 262 1926 phrasti‚
289 1838 348 1902 sed
373 1841 471 1902 etiam
495 1841 580 1902 inter
595 1839 756 1902 Demetrii
774 1837 925 1902 Phalerei
948 1841 1071 1927 scripta
1095 1849 1304 1904 enumeratur·

124 1944 211 2009 liber
236 1945 307 2028 περί
332 1943 455 2021 γελοίου
482 1948 671 2032 inscriptus.
719 1945 811 2010 Libri
845 1947 910 2031 ipsi
943 1969 1009 2010 non
1039 1949 1162 2010 servati
1186 1950 1302 2030 sunt2);

125 2065 237 2118 tamen
254 2052 332 2138 quid
357 2054 576 2116 continuerint
591 2051 798 2138 aliquatenus
823 2055 975 2117 conicere
1000 2052 1085 2116 licet.
1132 2055 1215 2116 Nam
1239 2057 1304 2139 pri-

125 2184 218 2227 mum
254 2161 442 2226 Aristotelis
477 2164 618 2247 vestigia
656 2163 822 2247 pressisse
857 2161 1122 2248 Theophrastum
1163 2171 1302 2242 constat,

125 2266 321 2332 Aristotelis
356 2268 535 2332 doctrinam
573 2291 646 2332 eum
679 2277 876 2332 retractasse
906 2277 938 2332 et
970 2270 1104 2332 auxisse
1136 2267 1305 2353 probabile

125 2386 188 2440 est.
231 2374 349 2439 Cetera
367 2397 384 2438 e
401 2377 620 2460 posteriorum
638 2377 834 2459 scriptorum
851 2374 943 2438 libris
961 2374 1115 2459 colligere
1134 2375 1303 2455 debemus,

125 2492 164 2546 ut
187 2484 221 2546 in
238 2480 404 2545 Plutarchi
422 2484 613 2566 quaestione
639 2481 802 2560 conuiuali
825 2484 932 2566 prima
948 2481 1081 2546 alterius
1098 2481 1181 2562 libri,
1207 2502 1303 2567 quam

123 2590 213 2652 intra
249 2589 522 2674 comparabimus,
571 2589 719 2652 doctrina
757 2589 977 2674 Peripatetico
1010 2591 1122 2652 inesse
1162 2587 1301 2652 videtur.

124 2695 195 2759 Sed
220 2693 378 2758 babemus
403 2694 521 2758 librum
556 2695 705 2758 doctrina
731 2695 952 2781 Peripatetiea
979 2694 1151 2780 repletum,
1177 2697 1233 2780 qui
1256 2696 1302 2758 in-

123 2803 210 2864 iuria
226 2799 396 2864 Demetrio
413 2800 573 2865 Phalereo
598 2801 703 2881 datur,
727 2803 762 2866 in
786 2824 850 2887 quo
867 2824 933 2865 non
948 2825 1055 2887 pauca
1076 2825 1200 2884 eorum,
1218 2824 1302 2889 qnae

123 2909 335 2992 Peripatetici
359 2917 490 2972 veteres
516 2909 556 2971 de
580 2907 718 2972 ridiculo
743 2908 934 2991 docuerunt,
964 2911 1085 2974 insunt.
1133 2908 1192 2974 Ille
1207 2911 1303 2972 ,enim

128 3016 271 3100 scriptor
307 3014 383 3078 inde
408 3039 426 3077 a
451 3019 470 3094 ξ
498 3015 570 3095 128,
606 3014 662 3077 ubi
693 3015 733 3078 de
763 3014 956 3080 elocutionis
984 3038 1107 3100 genere
1135 3015 1251 3080 florido
1276 3019 1305 3079 ei

125 3120 292 3206 agendum
317 3129 395 3202 erat,
420 3130 533 3206 aperte
553 3121 740 3185 uberiorem
757 3122 920 3206 quendam
936 3121 1056 3184 librum
1074 3124 1230 3207 excerpit,
1248 3125 1303 3208 qui

127 3238 199 3292 erat
233 3228 303 3310 περὶ
342 3224 481 3310 χάριτος,
518 3228 552 3291 id
588 3228 675 3313 quod
698 3228 889 3292 iamdudum
913 3230 975 3292 viri
1000 3229 1088 3292 docti
1112 3227 1303 3314 videruntl).

126 3335 212 3398 Cum
247 3343 354 3398 autem
390 3334 571 3398 doctrinam
594 3335 848 3419 Peripateticam
883 3336 1037 3420 proferat,
1075 3340 1131 3400 vix
1166 3335 1302 3401 dubium

125 3450 187 3514 est,
225 3443 303 3526 quin
327 3441 547 3526 Theophrasti
581 3440 636 3504 vel
659 3442 822 3506 Demetrii
844 3442 995 3507 Phalerei
1030 3442 1113 3507 libro
1142 3466 1222 3506 usus
1247 3446 1302 3524 sit3

125 3569 266 3632 quorum
289 3557 396 3612 utrum
422 3558 579 3633 sequatur
602 3571 682 3612 sane
707 3549 881 3613 diiudicari
903 3551 1031 3634 nequit3
1064 3573 1140 3614 nam
1164 3561 1301 3636 uterque

127 3657 262 3740 scripsit
286 3676 351 3717 non
377 3653 482 3718 solnm
508 3655 581 3737 περὶ
604 3653 739 3738 γελοίου,
763 3656 825 3719 sed
849 3658 947 3720 etiam
970 3656 1042 3738 περὶ
1066 3653 1203 3741 χάριτος.

236 3832 255 3890 ¹l
275 3830 311 3884 cf.
330 3831 511 3898 metaphorae
531 3834 561 3883 et
579 3831 769 3885 similitudinis
783 3833 911 3902 exempla
923 3832 952 3885 in
965 3832 1051 3886 tertio
1065 3833 1133 3886 artis
1146 3833 1302 3886 rhetoricae

125 3919 197 3972 libro
216 3925 308 3988 (capp.
328 3919 430 3988 llllll).

234 4007 254 4072 ¹²)
274 4009 357 4076 Apud
376 4009 551 4064 Athenaeum
564 4008 630 4064 VIII
648 4028 674 4078 p.
688 4010 741 4064 348
753 4009 824 4079 lfrg.
840 4011 893 4064 130
911 4011 968 4078 W.)
988 4013 1133 4080 παροιμίας
1146 4013 1302 4079 exemplum

126 4115 161 4149 ex
180 4097 369 4165 Theophrasti
387 4097 458 4150 libro
478 4097 604 4152 affertur.
789 4133 790 4138 =

234 4187 254 4252 ²¹)
275 4186 310 4239 ef.
330 4186 574 4241 Radermacherus
586 4207 614 4257 p.
627 4188 670 4256 94,
689 4190 779 4256 praef.
793 4209 821 4257 p.
834 4189 910 4243 XIII.
940 4190 982 4244 De
995 4190 1082 4244 totius
1102 4188 1189 4243 libelli
1201 4189 1301 4242 Deme-

124 4275 209 4328 triani
228 4275 429 4343 compositione
449 4292 535 4345 agere
554 4294 610 4329 non
629 4293 723 4330 meum
742 4281 799 4340 est;
818 4278 888 4332 haec
900 4282 996 4332 autem
1015 4280 1050 4332 de
1069 4280 1188 4340 venusto
1209 4278 1301 4347 dispu-

123 4364 197 4419 tatio
216 4381 281 4418 cum
293 4365 396 4419 ceteris
408 4365 537 4434 partibus
555 4368 615 4420 tam
628 4364 732 4418 leviter
750 4382 857 4420 conexa
869 4369 922 4431 est,
941 4370 974 4420 nt
987 4384 1046 4421 earn
1063 4368 1151 4421 solam
1162 4367 1302 4436 respicere

127 4454 230 4507 ceteris
249 4454 386 4523 neglectis
404 4454 497 4508 liceat.
