3252 5082
638 395 857 458 ...21-

153 571 299 636 ridicula
321 574 431 657 potius
453 575 594 657 pertinet
611 594 708 658 quam
726 571 767 636 ad
784 575 982 636 severiorem
998 583 1222 638 venustatem:
1247 568 1334 656 ὅπερ

154 681 212 741 καὶ
236 675 323 741 αὐτὰ
349 675 602 762 κωμῳδικωτερά
625 679 755 763 ductast).

269 785 505 851 Similitudines
537 786 657 850 deinde
687 796 843 850 secuntur
866 790 886 867 ξ
912 787 986 869 160,
1011 810 1092 872 quas
1117 786 1255 852 ridicule
1279 787 1335 850 ad·

154 893 266 958 hiberi
302 915 401 979 posse
432 895 647 978 perspicuum
684 902 747 976 est3
783 893 922 957 ridicula
950 897 1047 958 etiam
1076 893 1226 981 'exempla
1251 903 1334 958 sunt.

155 999 411 1064 Similitudinem
436 1002 500 1063 iarn
526 1000 566 1064 ab
583 1001 762 1064 Aristotele
787 1003 870 1064 inter
893 1001 1085 1064 facetiarum
1110 1023 1233 1084 genera
1257 1000 1335 1064 alla-

154 1117 224 1170 tam
251 1129 325 1170 esse
351 1129 451 1192 supra
476 1107 628 1188 vidimuS,
655 1117 752 1190 atque
777 1107 928 1194 equidem
948 1110 1049 1171 etiam
1075 1129 1149 1170 curn
1167 1106 1335 1172 homoeosi

154 1222 317 1278 tractatus
342 1211 535 1277 Ooisliniani
560 1234 633 1276 earn
659 1213 809 1277 conferre
834 1216 985 1276 auserim.
1023 1213 1230 1300 Quamquam
1248 1217 1334 1279 enim

154 1343 224 1384 non
238 1322 353 1404 ignoro
367 1342 405 1383 ea
417 1341 540 1403 genera
552 1322 638 1382 inter
654 1343 690 1382 se
708 1319 848 1392 differre,
865 1328 975 1383 tamen
988 1319 1125 1384 alterum
1142 1320 1334 1386 homoeosin

157 1429 358 1508 scaenicam,
394 1425 531 1490 alterum
566 1426 758 1492 homoeosin
791 1429 965 1490 oratoriam
995 1426 1238 1514 appellaverim.
1284 1432 1337 1492 Ac

158 1557 226 1598 non
250 1534 346 1598 modo
371 1533 459 1619 apud
476 1533 671 1598 Ciceronem
696 1543 731 1597 ut
752 1536 784 1597 in
800 1534 942 1596 Taetzae
960 1543 1114 1620 excerpto
1133 1534 1197 1598 duo
1212 1557 1336 1619 genera

158 1665 179 1705 a
215 1643 333 1705 ceteris
369 1642 625 1724 segreganm1·²)‚
663 1640 723 1704 sed
759 1642 873 1705 ctiam·
892 1640 979 1726 apud
1011 1639 1098 1704 hunc
1130 1642 1334 1706 Demetrium

159 1747 299 1811 eandem
330 1746 476 1812 fabulam
506 1748 711 1833 eandemque
741 1747 987 1811 similitudinem
1016 1771 1035 1810 a
1063 1750 1180 1811 ceteris
1206 1750 1335 1813 secerni
1361 1775 1363 1780 ¹

158 1855 326 1936 videmus,
353 1876 477 1940 quare
505 1865 645 1938 augetur
673 1857 817 1940 suspicio
843 1852 926 1918 haec
949 1877 1014 1919 11011
1040 1877 1118 1918 casu
1144 1877 1333 1939 congruere.

159 1962 199 2025 ld
223 1971 333 2025 tamen
357 1964 501 2040 iirterest,
520 1961 607 2046 quod
632 1962 721 2047 apud
737 1959 933 2025 Ciceronem
951 1962 1047 2026 etiam
1073 1974 1182 2025 cetera
1205 1985 1335 2046 genera,

160 2091 244 2155 quae
268 2067 322 2132 hic
346 2064 428 2129 κατὰ
451 2064 513 2151 τήν
535 2067 704 2152 ἑρμηνείαν
729 2079 898 2149 vocantur,
923 2071 955 2132 in
981 2068 1081 2132 rebus
1106 2081 1190 2132 sunt.
1388 2061 1392 2068 ¹

268 2191 478 2257 Similitudini
506 2203 614 2257 autem
651 2193 839 2277 adiungitur
876 2192 1055 2279 hyperbole
1099 2193 1201 2278 (161),
1238 2216 1335 2278 quam

157 2303 224 2364 iam
249 2300 290 2364 ab
315 2299 492 2364 Aristotele
524 2302 679 2384 coniungi
714 2323 787 2363 cum
824 2299 1034 2364 similitudine
1064 2302 1107 2363 ita
1136 2311 1170 2363 ut
1198 2311 1334 2386 utraque

159 2410 203 2470 sit
227 2410 357 2491 species
381 2408 592 2492 metaphorae
610 2407 771 2489 diximus3
798 2417 942 2471 ceterum
968 2417 1161 2492 repetuntur
1185 2405 1335 2491 exempla

159 2537 202 2578 ex
226 2514 264 2596 ἐξ
289 2513 475 2596 rat-127,
500 2513 556 2578 ubi
579 2513 783 2599 hyperbolen
807 2517 939 2577 tractari
964 2537 1064 2599 supra
1088 2514 1239 2578 vidimus.

268 2621 450 2706 Hucusque
473 2623 614 2706 pertinet
638 2624 839 2685 enumeratio
871 2620 1027 2702 locorum,
1058 2621 1243 2706 exquibus
1272 2630 1333 2683 tra-

158 2728 281 2792 huntur
304 2729 339 2788 αἱ
364 2724 507 2812 χάριτες
542 2738 640 2814 atque
671 2749 785 2792 omnes
809 2730 878 2793 fere
915 2729 978 2794 loci
1013 2731 1134 2814 pariter
1159 2730 1334 2792 severioris
1416 2755 1418 2760 ·

159 2847 192 2898 et
215 2834 348 2899 levioris
383 2837 566 2899 venustatis
590 2835 624 2899 id
660 2845 711 2898 est
733 2836 861 2900 ridiculi
899 2846 983 2900 sunt.
1031 2835 1133 2899 Nobis
1161 2837 1259 2920 igitur
1282 2834 1334 2898 hic

160 2943 339 3028 catalogus,
380 2944 533 3028 quoniam
568 2944 727 3026 integram
762 2943 803 3006 de
838 2942 975 3007 ridiculo
1012 2944 1266 3028 disputationem
1302 2944 1335 3004 in

160 3050 300 3116 Graecis
324 3049 440 3113 litteris
464 3071 530 3113 non
553 3049 725 3132 habemus,
751 3053 831 3113 satis
855 3073 1008 3135 magnam
1036 3049 1189 3114 lacunam
1213 3048 1332 3137 explet.

160 3157 214 3220 Ex
238 3156 388 3220 omnibus
414 3159 499 3220 enirn
524 3156 653 3221 ridiculi
677 3157 853 3241 generibus
880 3181 919 3222 ea
942 3169 1066 3221 tantum
1091 3157 1222 3237 desunt,
1250 3178 1334 3240 quae

160 3273 196 3327 ut
219 3264 326 3326 minus
351 3275 490 3327 venusta
514 3267 548 3327 in
572 3267 717 3329 oratione
740 3275 882 3329 venusta
905 3264 1154 3350 spernebantur,
1180 3287 1264 3350 quae
1279 3262 1334 3327 fri·

160 3370 239 3455 gida
261 3368 466 3455 appellantur
501 3373 597 3437 etiam
628 3371 668 3435 ab
697 3373 748 3452 iis,
785 3375 904 3457 quiea
938 3382 1087 3436 tractant.
1134 3371 1334 3455 Ambiguum

160 3475 215 3541 vel
238 3473 431 3556 ἀδολεσχίαν
454 3477 506 3541 vel
529 3479 776 3558 παρονομασίαν
798 3478 852 3542 hic
876 3482 1010 3544 minime
1031 3479 1268 3556 desideramus,
1292 3500 1333 3540 ne

162 3583 269 3647 dicam
305 3583 346 3647 de
380 3586 421 3648 iis
456 3585 634 3670 generibus
668 3595 825 3651 tractatus
851 3585 1052 3667 Coisliniani,
1091 3607 1175 3670 quae
1204 3586 1335 3670 propria

162 3701 237 3755 sunt
260 3693 398 3755 actionis
424 3695 607 3758 scaenicae.

269 3797 336 3862 Sed
352 3799 495 3864 nondum
516 3809 614 3864 totam
632 3801 886 3886 disputationem
910 3801 981 3884 περὶ
1005 3796 1134 3884 χάριτος
1156 3801 1335 3862 institutam

163 3908 451 3990 pertractavimus;
480 3916 546 3970 tum
565 3909 650 3971 enim
676 3910 816 3994 scriptor
839 3909 983 3996 exponit,
1008 3906 1088 3994 quid
1111 3908 1239 3970 intersit
1253 3908 1337 3970 inter

164 4022 337 4076 venustum
365 4021 397 4075 et
423 4012 608 4095 ridiculum,
645 4035 728 4098 quae
763 4016 796 4077 in
832 4014 967 4079 sedibus
1005 4011 1233 4077 describendis
1268 4035 1333 4076 non

270 4259 426 4329 11Ρ10111111
455 4260 492 4313 ad
520 4259 624 4326 ἀπάτην
650 4262 790 4314 tractatus
818 4260 979 4314 Coisliniani
1007 4261 1035 4312 id
1065 4262 1199 4314 accedere
1224 4258 1335 4311 videtur

164 4367 245 4417 quam
263 4351 357 4416 μῦθος.

270 4440 291 4504 ²)
311 4439 345 4493 cl.
365 4456 450 4508 supra
468 4458 494 4509 p.
516 4439 557 4492 13.
