3252 5082
596 418 811 482 --51..

114 597 266 659 traditum
304 595 530 678 ordinem1')
521 607 606 660 mter
634 596 809 660 verborum
843 615 967 680 genera
992 597 1116 680 posita,
1147 593 1290 686 Quinti-

111 699 238 767 lianum
267 703 335 788 (96)
368 703 451 766 haec
477 703 597 767 debere
628 701 780 767 Ciceroni
808 711 957 788 apertum
992 710 1056 781 est3
1030 695 1229 765 t·ve1iia‘
1221 723 1293 786 ipsa

115 807 233 873 similia
258 820 347 874 sunt:

183 933 314 1000 aaut.
332 957 433 1020 saepe
447 937 543 999 etiam
557 956 675 999 versus
798 935 836 1014 Q.
869 935 926 999 96:
967 933 1123 998 adiuvant
1161 933 1291 998 urbani-

113 1040 293 1106 t'aoetet
245 1065 278 1105 m
280 1044 423 1128 terponit
425 1064 473 1124 ur,
498 1041 610 1104 velt
574 1050 610 1106 ut
626 1051 677 1104 est
730 1050 830 1105 tatem
878 1051 911 1105 et
955 1039 1072 1104 versus
1120 1041 1291 1130 commode

113 1148 169 1213 vel
191 1147 397 1234 paululum'
389 1158 587 1223 immutatus,
621 1158 677 1212 aut
730 1149 839 1234 positi,
865 1170 926 1211 seu
949 1151 1007 1212 toti
1029 1157 1066 1212 ιιι
1081 1158 1157 1212 sunt
1173 1169 1292 1211 seu-

114 1255 224 1342 aliqua
246 1279 325 1342 pars
349 1278 477 1319 versus.
731 1253 798 1340 (97)
815 1253 926 1319 verbis
940 1278 982 1319 ex
993 1265 1086 1341 parte
1102 1265 1172 1319 mut
1170 1253 1279 1319 atis--

181 1362 262 1426 258:
298 1365 332 1427 in
361 1363 424 1426 hoc
451 1385 557 1447 genus
587 1365 675 1426 coni·
731 1384 791 1426 seu
807 1361 953 1426 ficrno
931 1372 973 1426 rs
986 1362 1138 1426 versibus
1156 1360 1290 1438 similes

115 1451 245 1534 ciuntur
267 1468 452 1554 proverbia.
732 1492 816 1555 quae
840 1466 991 1553 παρῳδία
1008 1469 1136 1548 dicitur,
1161 1460 1193 1532 et
1216 1492 1290 1556 pro-

731 1574 846 1641 verbia
870 1585 1053 1662 opportune
1078 1569 1197 1686 aptata

220 1699 383 1787 Exempla
403 1710 512 1765 tamen
537 1701 669 1765 aliunde
694 1702 788 1788 petiit
803 1699 1035 1782 Quintilianus.
1075 1681 1175 1788 Aliud
1198 1675 1292 1795 prae-

114 1818 205 1872 terea
227 1830 332 1892 genus
357 1809 477 1872 citandi
502 1818 537 1872 ut
559 1810 604 1872 ita
628 1807 737 1872 dicam
759 1808 965 1893 adiungit:
969 1831 1010 1872 ex
1034 1808 1178 1898 historia
1193 1809 1291 1902 etiam

115 1916 236 1980 ducere
261 1915 479 1980 urbanitatem
504 1915 743 1979 eruditumt
692 1913 762 1978 est.
811 1914 929 1994 Cicero
953 1916 1042 1980 idem
1059 1926 1293 2008 commemorat

114 2021 133 2108 ξ
158 2023 234 2105 265,
259 2046 356 2109 quem
380 2021 489 2087 locum
514 2044 615 2108 supra
639 2045 714 2086 oum
738 2024 756 2106 ξ
779 2023 823 2086 44
848 2021 980 2086 contuli

221 2146 368 2212 Subueet
356 2150 432 2211 titur
454 2170 559 2232 genus
583 2148 656 2232 (992
692 2147 910 2212 ‘subabsurda
940 2147 995 2211 illa
1027 2156 1179 2211 constant
1202 2107 1292 2210 stulti

114 2253 319 2319 simulatione
322 2276 441 2338 ,quae,
454 2257 518 2318 nisi
510 2255 709 2340 Qfingantur
728 2252 827 2319 stulta
851 2255 960 2340 sunt’),
986 2254 1073 2340 quod
1091 2277 1111 2318 a
1128 2253 1288 2319 Cicerone

115 2361 373 2446 coniungebatur
396 2385 471 2426 eum
489 2362 763 2441 dissimulatione
781 2360 1030 2439 simulationem,
1057 2363 1085 2424 si
1108 2363 1290 2446 accipimus

114 2468 294 2554 Spaldingii
319 2469 592 2550 emendationem,
621 2472 717 2533 etiam
747 2468 969 2550 Quintilianus
1004 2471 1039 2531 in
1075 2468 1136 2533 hoc
1167 2490 1290 2552 genere

114 2598 188 2639 esse
224 2575 312 2656 dicit,
350 2585 382 2639 et
415 2574 495 2660 fingi
529 2575 607 2640 talia
643 2574 765 2640 debere
794 2577 893 2640 etiam
922 2574 1039 2640 Cicero
1071 2574 1153 2638 dixit
1180 2573 1288 2658 (274):

113 2682 223 2747 ‘habet
246 2706 311 2747 non
328 2705 496 2769 nunquam
520 2681 644 2769 aliquid
668 2686 767 2746 etiam
791 2683 880 2768 apud
904 2705 965 2746 nos
989 2682 1064 2764 loci,
1088 2691 1125 2745 ut
1148 2679 1202 2745 vel
1224 2702 1290 2745 non

114 2789 231 2854 stultus
257 2792 351 2875 quasi
376 2790 473 2854 stulte
498 2813 573 2853 cum
598 2789 667 2854 sale
692 2791 780 2855 dieat
803 2788 945 2875 aliquid'.
982 2791 1044 2853 His
1062 2788 1180 2852 similia
1204 2799 1290 2868 sunt,

114 2903 208 2982 ‘quae
232 2907 399 2982 tamquam
423 2899 493 2960 sine
520 2899 643 2961 ratione
668 2899 756 2962 dicta
778 2896 948 2961 feruntur’.

219 3023 320 3085 Levia
344 3023 505 3108 quaedam
530 3046 663 3106 genera,
682 3045 765 3109 quae
782 3024 823 3087 ad
841 3021 1037 3108 explicanda
1055 3022 1141 3084 dicta
1156 3022 1289 3084 inventa

113 3139 197 3206 sunt,
235 3129 399 3193 adduntur
433 3131 451 3212 ἕ
487 3130 564 3194 10οε
601 3130 812 3216 ‘deprehensi
844 3131 972 3192 interim
1004 3127 1162 3213 pudorem
1192 3149 1287 3191 suum

111 3235 249 3300 ridiculo
274 3236 382 3322 aliquo
408 3237 582 3322 explicant'
608 3238 744 3301 alterum
771 3246 837 3318 est3
855 3235 993 3300 alterum
1011 3237 1196 3316 restituere,
1214 3257 1288 3298 cum

111 3353 221 3406 textus
247 3354 418 3429 corruptus
444 3347 495 3425 sit,
521 3345 643 3409 frustra
665 3343 822 3408 laboravi.

219 3451 289 3513 lam
305 3473 384 3514 vero
402 3451 490 3537 quod
507 3453 555 3515 sic
573 3450 695 3514 claudit
712 3453 990 3515 enumerationem
1005 3472 1164 3536 generum
1181 3448 1287 3534 (101):

112 3558 183 3621 ‘has
208 3568 263 3622 aut
287 3560 400 3644 accepi
426 3561 557 3645 speeies
593 3569 648 3623 aut
677 3560 789 3622 inveni
813 3559 1120 3646 frequentissimas,
1148 3559 1220 3642 ipse
1255 3557 1288 3619 id

110 3674 258 3746 testatur,
296 3666 383 3752 quod
418 3689 478 3751 per
508 3675 609 3730 totam
639 3667 892 3752 disputationem
920 3666 1187 3730 observavimus:
1213 3687 1289 3728 eum

109 3795 233 3855 genera
257 3773 340 3835 haec
365 3776 505 3837 mutuari
530 3796 572 3836 ex
588 3771 749 3837 Cicerone
774 3773 828 3836 vel
853 3795 895 3836 ex
911 3773 1071 3838 dictorum
1089 3770 1287 3836 collectioni-

111 3879 186 3961 bus,
209 3877 264 3942 illa
288 3880 411 3944 addere
436 3880 478 3943 ad
495 3880 693 3965 explicanda
717 3881 813 3943 dicta.
861 3879 928 3944 Sed
952 3879 1105 3943 ‘infinitas
1130 3902 1206 3943 esse
1223 3890 1288 3942 tam

111 3986 199 4049 salse
234 3986 366 4050 dicendi
401 4009 497 4071 quam
534 3986 695 4071 severe'2)
725 3987 855 4073 species
892 3987 979 4059 dicit,
1017 4008 1099 4071 quas
1120 3989 1288 4072 “praestet

110 4115 254 4178 persona
277 4093 369 4157 locus
386 4105 515 4179 tempus
533 4115 652 4158 casus.
683 4095 851 4158 Haec't
792 4095 837 4178 igi
838 4103 891 4156 tur
914 4115 950 4156 se
974 4115 1038 4158 ιιοιι
1055 4103 1285 4178 pertractasse,

111 4199 229 4264 sedt
196 4202 355 4334 attigisse,
381 4201 448 4264 ‘illa
470 4210 590 4282 auem,
616 4223 700 4286 quae
725 4200 765 4264 de
790 4223 852 4263 usu
876 4201 948 4284 ipso
980 4210 1013 4262 et
1035 4201 1132 4264 modo
1158 4201 1287 4264 iocandi

220 4377 295 4442 ¹)of.
315 4393 445 4446 suprap
465 4376 508 4431 33

221 4465 296 4534 ·.)cf
318 4465 414 4521 Cicero
434 4472 449 4533 ξ
468 4467 529 4520 248.
