3252 5082
555 367 813 451 '-rr-

115 576 237 644 autem,
275 565 393 651 quibus
428 588 497 629 rem
527 565 750 629 difficillimam
780 563 941 650 simulque
964 567 1192 649 gravissimam
1218 587 1291 630 esse

117 674 330 749 demonstrat,
355 672 426 736 fere
447 674 556 736 omnia
572 673 669 734 etiarn
694 670 890 734 aOicerone
914 670 1011 736 allata
1035 682 1119 754 sunt,
1137 673 1292 757 idemque

115 780 200 843 dixit
228 782 329 844 risum
361 802 423 842 non
461 789 530 842 arte
560 781 729 859 contineri,
760 778 876 841 sedin
901 790 1016 841 natura
1039 782 1181 864 positum
1207 803 1291 844 esse.

116 888 225 966 Quam
249 885 404 950 facillime
429 895 535 948 autem
561 886 604 949 ad
628 885 740 950 oculos
765 886 997 949 demonstrabo
1029 886 1110 950 haec
1135 889 1293 969 originem

116 995 247 1058 trahere
273 1016 313 1056 ex
339 992 509 1069 Cicerone,
536 1015 609 1056 cum
635 995 805 1078 utriusque
830 993 932 1056 verba
956 993 1102 1057 afferam:

224 1189 349 1255 cicero
375 1189 417 1254 de
442 1205 495 1254 or.
519 1187 568 1254 ΙΙ.

185 1315 265 1378 235ε
303 1323 400 1399 atque
424 1313 503 1376 illud
528 1315 677 1397 primurn,

117 1421 198 1506 quid
223 1423 265 1483 sit
288 1423 359 1506 ipse
375 1422 472 1500 risuS,
498 1443 561 1504 quo
583 1430 677 1505 pacto

116 1531 309 1606 concitetur,
334 1527 390 1590 ubi
418 1529 469 1608 sit,
495 1549 558 1612 quo
583 1526 678 1590 modo

117 1637 257 1699 existat.
277 1686 283 1698 .
302 1683 308 1696 .
326 1634 446 1697 viderit
459 1634 677 1697 Democritus

116 1764 225 1827 neque
251 1743 335 1804 enim
372 1742 413 1804 ad
442 1741 528 1803 hunc
557 1764 679 1804 sermo-

117 1873 194 1913 nem
241 1849 303 1912 hoc
354 1849 506 1933 pertinet,
555 1859 599 1922 et,
653 1850 680 1911 si

119 1959 309 2042 pertineret,
339 1959 468 2019 nescire
496 1979 549 2018 me
572 1966 681 2019 tamen

117 2064 153 2126 id
182 2086 246 2127 non
276 2063 423 2148 puderet,
449 2062 536 2148 quod
564 2084 605 2125 ne
636 2061 681 2125 illi

118 2171 252 2255 quidem
271 2172 391 2234 scirent
416 2172 470 2255 qui
488 2168 680 2254 polliceren-

117 2291 180 2341 tur.

188 2385 266 2448 218:
311 2383 384 2447 leve
424 2407 542 2448 nomen
583 2381 681 2446 habet

118 2505 258 2576 utreque
272 2493 339 2557 res!
357 2493 492 2576 quippe,
507 2490 580 2553 leve
594 2493 680 2553 enim

117 2607 171 2660 est
195 2607 297 2660 totum
321 2598 383 2661 hoc
411 2601 512 2660 risum
535 2619 678 2661 movere.

118 2727 235 2767 verum
251 2715 372 2783 tamen,
389 2716 424 2767 ut
440 2705 532 2784 dicis,
547 2703 678 2785 Antoni,

118 2810 256 2874 multum
294 2815 328 2875 in
368 2814 477 2876 causis
519 2834 681 2896 persaepe

118 2919 231 3004 lepore
257 2929 289 2982 et
311 2919 439 2982 facetiis
464 2919 579 3004 profici
604 2918 679 2981 vidi.

189 3027 268 3091 235:
295 3077 301 3088 .
320 3078 326 3090 .
346 3077 352 3088 .
370 3038 467 3111 atque
484 3029 528 3089 ita
545 3036 680 3110 repente

119 3143 285 3218 erumpat,
325 3143 361 3196 ut
400 3156 474 3196 eum
511 3135 680 3218 cupientes

119 3253 233 3303 tenere
279 3261 499 3325 nequeamus,
541 3251 573 3302 et
617 3262 680 3325 quo

120 3348 219 3410 modo
248 3347 342 3410 simul
372 3346 473 3410 latera
509 3370 546 3410 os
579 3369 680 3410 venas

120 3453 235 3518 oeulos
272 3453 397 3517 vultum
429 3464 568 3540 occupet
600 3505 606 3517 .
638 3505 644 3515 .
675 3507 680 3518 .

189 3561 269 3625 236:
296 3561 424 3624 ...vel
450 3562 537 3646 quod
562 3562 683 3644 frangit

119 3669 348 3732 adversarium
375 3722 379 3730 .
408 3720 412 3728 .
440 3721 446 3731 .
474 3671 681 3753 maximeque

123 3775 212 3860 quod
231 3777 393 3838 tristitiam
418 3797 456 3838 ac
475 3778 681 3838 severitatem

122 3885 247 3966 mitigat
274 3904 313 3944 ac
336 3881 463 3945 relaxat
486 3882 682 3965 odiosasque

122 4012 177 4052 res
214 4013 328 4074 saepe,
365 4011 446 4073 quas
482 3993 682 4073 argumentis

122 4095 204 4158 dilui
216 4096 385 4159 nonfacile
398 4108 456 4178 est,
467 4100 538 4160 ioco
548 4099 682 4181 risuque

122 4201 283 4268 dissolvit.

191 4311 269 4376 216:
308 4333 400 4396 quae,
432 4313 527 4374 etiam
565 4313 593 4374 si
621 4309 684 4374 alia

124 4421 233 4482 omnia
283 4419 365 4482 tradi
420 4429 487 4481 arte
534 4427 682 4503 possunt,

745 1231 747 1236 -
829 1189 1071 1276 Quintilianus
1094 1189 1145 1256 vl
1168 1189 1201 1254 3.

802 1314 835 1376 7:
883 1336 989 1398 neque
1026 1317 1112 1378 enim
1147 1314 1188 1378 ab
1229 1314 1294 1378 ullo

734 1422 814 1482 satis
832 1418 988 1504 explicari
1004 1432 1094 1506 puto,
1110 1422 1187 1485 licet
1203 1421 1297 1485 multi

734 1530 973 1611 temptaverint,
1002 1529 1090 1592 unde
1114 1531 1210 1593 risus
1240 1531 1295 1613 qui

734 1656 799 1697 non
814 1633 919 1698 solum
933 1634 1019 1699 facto
1033 1634 1142 1721 aliquo
1154 1636 1293 1716 dictove,

726 1740 794 1804 ¹sed
831 1742 993 1805 interdum
1026 1743 1167 1828 quodam
1197 1745 1293 1806 etiam

737 1851 883 1933 corporis
908 1861 997 1915 tactu
1020 1850 1203 1913 lacessitur.

803 2386 836 2450 8:
863 2407 936 2448 cum
954 2385 1104 2448 videatur
1120 2396 1227 2448 autem
1240 2407 1294 2447 res

736 2492 818 2555 levis
836 2503 868 2555 et
884 2514 968 2577 quae
990 2514 1009 2555 a
1026 2493 1159 2573 scurris,
1176 2493 1294 2568 mimis,

735 2598 966 2684 insipientibus
1009 2598 1150 2683 denique
1196 2621 1295 2682 saepe

735 2717 915 2787 moveatur,
953 2718 1061 2768 tamen
1097 2705 1195 2768 habet
1230 2706 1293 2767 vim

736 2815 848 2877 nescio
873 2836 914 2876 an
938 2814 1240 2897 imperiosissimam
1265 2823 1297 2875 et

737 2923 790 2984 cui
814 2921 991 3004 repugnari
1014 2921 1146 2982 minime
1176 2928 1294 3003 potest.

803 3030 837 3092 9:
878 3026 1019 3111 erumpit
1054 3027 1150 3088 etiam
1185 3027 1296 3089 invitis

737 3157 846 3221 saepe,
883 3158 944 3197 nec
980 3131 1090 3196 vultus
1126 3133 1221 3196 modo
1257 3155 1296 3196 ac

736 3246 827 3306 vocis
861 3243 1012 3326 exprimit
1041 3241 1294 3318 confessionem,

737 3350 797 3413 sed
843 3359 945 3412 totum
991 3370 1111 3432 corpus
1158 3349 1190 3409 vi
1237 3371 1296 3410 sua

738 3459 889 3520 concutit.
914 3477 1023 3518 rerum
1052 3465 1160 3518 autem
1186 3475 1294 3537 saepe,

737 3576 773 3628 ut
796 3565 873 3645 dixi,
899 3565 1114 3626 maximarum
1132 3571 1296 3624 momenta

737 3674 843 3746 vertit,
868 3681 903 3734 ut
927 3692 1000 3733 curn
1023 3669 1132 3733 odium
1148 3671 1295 3754 iramque

737 3777 1003 3863 frequentissime
1028 3777 1165 3860 frangat.

809 4312 862 4374 11:
893 4311 1015 4373 Verum
1040 4309 1112 4390 hoc,
1138 4311 1296 4395 quidquid

740 4429 798 4499 est,
813 4427 848 4480 ut
863 4439 928 4480 non
941 4418 1045 4480 ausim
1060 4416 1169 4481 dicere
1184 4439 1296 4480 carere
