3252 5082
821 375 1042 440 ,48-

339 561 474 616 naturae
516 562 592 616 sunt
633 555 767 638 propria
813 562 901 617 certe
957 557 1088 618 omnino
1123 565 1202 639 arte,
1228 557 1305 643 quia
1328 555 1511 622 nonnullam

339 678 447 742 neque
471 657 568 722 ullam
593 670 696 724 artem
713 660 903 724 desiderant
956 659 1221 726 observationem
1253 661 1354 727 habet
1377 671 1511 748 suntque

340 764 440 841 (idem
463 765 588 850 §22'l).
613 804 653 812 -
681 767 760 831 217:
791 768 901 852 itaque
956 767 998 832 ad
1021 768 1056 831 id
1072 771 1268 854 pertinentia
1291 778 1362 833 eta
1379 769 1511 834 Graecis

340 894 414 935 cum
427 872 588 956 quosdam
602 871 750 938 Graecos
763 875 901 959 inscrip-
957 884 989 937 et
1018 898 1039 939 a
1061 875 1187 939 Latinis
1212 878 1395 961 composita
1424 899 1511 962 prae-

340 989 390 1041 tos
425 977 525 1043 libros
562 1002 637 1044 esse
670 979 830 1043 vidissem
858 979 899 1042 de
955 991 1059 1066 cepta,
1070 984 1116 1046 ita
1127 981 1225 1068 plane
1234 981 1382 1065 adfirmo,
1393 985 1510 1068 praeei-

339 1083 486 1148 ridiculis
497 1108 567 1171 eqS.
582 1123 625 1132 -·
638 1087 717 1150 229:
732 1109 770 1149 ac
779 1095 899 1168 tamen,
954 1110 1020 1172 pue
1035 1090 1178 1174 positum
1203 1111 1278 1153 esse
1302 1091 1336 1153 in
1352 1099 1466 1154 natura
1483 1099 1511 1152 et

338 1192 443 1277 inquit
466 1192 640 1274 Antonius,
671 1215 769 1278 quom
797 1201 900 1256 artem
955 1195 989 1257 in
1013 1197 1198 1259 occasione.

339 1319 413 1361 esse
435 1298 638 1380 facetiarum,
656 1299 728 1381 Iuli,
751 1322 902 1385 negares,

339 1407 496 1490 aperuisti
512 1406 678 1491 quiddam,
698 1406 785 1492 quod
806 1429 901 1492 prae-

339 1512 527 1598 cipiendum
573 1513 746 1577 videretur.
788 1512 902 1576 haberi

340 1621 424 1682 enim
442 1619 554 1683 dixisti
575 1622 733 1683 rationem
750 1630 900 1706 oportere

339 1725 505 1790 hominum
522 1728 571 1790 rei
586 1729 753 1812 temporis,
767 1749 807 1790 ne
822 1726 900 1812 quid

338 1834 429 1897 iocus
454 1832 496 1896 de
512 1836 674 1918 gravitate
692 1834 899 1918 decerperet;

341 1939 426 2025 quod
435 1921 567 2026 quidem
581 1942 738 2026 inprimis
750 1939 899 2004 aGrasso

340 2046 510 2110 observari
534 2047 626 2111 solet.

404 2153 483 2218 230:
522 2157 653 2218 omnino
677 2152 899 2240 probabiliora
1023 2155 1078 2218 13:
1105 2164 1180 2218 sunt
1197 2157 1283 2219 enim
1298 2154 1397 2241 longe
1414 2178 1508 2220 venu-

339 2269 422 2342 sunt,
449 2282 533 2345 quae
557 2260 703 2324 lacessiti
720 2261 898 2343 dicimus1),
954 2263 1054 2325 stiora
1083 2263 1192 2324 omnia
1219 2264 1252 2325 in
1280 2263 1509 2348 respondendo

339 2389 435 2451 quam
471 2389 554 2454 quae
578 2370 715 2454 priores.
752 2391 827 2431 nam
868 2378 899 2431 et
954 2389 1050 2452 quam
1076 2369 1109 2430 in
1133 2368 1352 2452 provocando.

337 2475 461 2557 ingenii
501 2475 652 2539 celeritas
689 2477 791 2538 maior
838 2485 897 2552 est,

339 2601 422 2664 quae
446 2592 582 2668 apparet
608 2585 643 2646 in
666 2581 898 2668 respondendo

339 2711 408 2772 eqs.
434 2689 489 2771 (cf.
515 2689 590 2771 230,
616 2689 703 2774 255).

405 2795 483 2858 222:
499 2818 572 2858 nam
586 2818 625 2859 ea
637 2795 899 2881 dictaappellan-
1023 2795 1077 2858 16:
1103 2795 1190 2858 dicta
1203 2805 1280 2859 sunt
1292 2818 1330 2859 ac
1345 2809 1510 2861 vocantur.

335 2912 389 2965 tur
411 2905 545 2987 proprio
570 2903 632 2965 iam
658 2905 800 2967 nomine.

443 3026 592 3113 Apparet
630 3037 665 3091 ut
703 3028 784 3091 mihi
819 3027 962 3108 videtur,
999 3026 1236 3107 Quintilianum
1273 3027 1395 3091 debere
1432 3029 1510 3091 haec

336 3132 503 3216 Ciceroni3
540 3145 647 3198 tamen
681 3158 746 3198 non
776 3134 934 3198 exscribit
957 3134 1060 3199 verba
1083 3133 1264 3215 Ciceronis,
1294 3134 1354 3197 sed
1378 3136 1511 3199 easdem

337 3243 516 3305 sententias
548 3245 617 3306 suis
653 3242 764 3306 verbis
799 3242 915 3305 reddit.
974 3240 1062 3305 Nihil
1092 3251 1200 3305 autem
1236 3243 1347 3305 inesse
1382 3243 1415 3305 in
1452 3243 1510 3306 hac

335 3357 426 3434 parte
452 3349 625 3431 contendo,
657 3372 720 3434 quo
745 3348 884 3413 alterum
908 3349 1072 3434 quendam
1096 3371 1115 3412 a
1139 3348 1340 3428 Quintiliano
1365 3348 1512 3412 adhiberi

334 3454 459 3520 fontem
476 3456 652 3538 efficiatur-3
677 3479 755 3520 nam
773 3479 971 3543 quamquam
995 3479 1081 3520 nova
1101 3456 1262 3541 quaedam
1280 3457 1400 3539 insunt,
1427 3455 1513 3520 velut

336 3564 354 3644 ξ
378 3564 398 3628 6
427 3562 506 3626 dicit
533 3563 705 3627 ridiculum
737 3564 860 3627 dictum
887 3562 1079 3649 plerumque
1107 3562 1227 3626 falsum
1257 3585 1332 3626 esse
1368 3560 1422 3647 (cf.
1450 3563 1512 3646 89),

274 3744 277 3750 ,
335 3672 427 3734 varia
472 3693 547 3734 esse
594 3670 762 3735 hominum
799 3671 923 3735 iudicia
956 3671 989 3733 in
1026 3692 1081 3752 eo,
1117 3671 1135 3753 ξ
1176 3671 1194 3732 7
1232 3671 1378 3755 corporis
1426 3679 1513 3734 tactu

335 3780 439 3840 risum
462 3775 594 3858 lacessi,
619 3781 716 3841 etiam
742 3778 900 3841 iracunde
930 3787 961 3840 et
987 3777 1100 3841 timide
1129 3778 1215 3840 dicta
1239 3799 1278 3840 ac
1294 3777 1383 3841 facta
1404 3777 1512 3858 rideri,

336 3884 426 3949 velut
449 3888 469 3965 ὅ
496 3883 538 3948 10
560 3887 697 3950 iuvenes
715 3886 910 3949 Tarentinos
933 3896 1034 3949 testes
1051 3884 1176 3949 inducit
1199 3893 1254 3947 aut
1278 3887 1297 3964 ξ
1320 3884 1361 3947 15
1386 3885 1510 3964 suadet,

336 4001 372 4055 ut
386 3993 543 4056 materiae
559 3991 698 4055 idoneae
723 3992 766 4055 ad
786 3993 1052 4057 exercitationem
1070 4000 1317 4077 componantur,
1334 3990 1412 4055 talia
1428 4013 1512 4055 nova

338 4099 469 4184 quidem
495 4098 554 4162 sed
578 4100 710 4163 minime
734 4098 881 4162 inaudita
905 4110 989 4163 sunt.
1603 4155 1604 4190 ,

444 4205 538 4270 Idem
562 4205 737 4270 dicendum
758 4218 809 4271 est
832 4206 873 4270 de
897 4209 1046 4292 proxima
1069 4216 1162 4292 parte
1187 4205 1356 4290 (17—21),
1383 4228 1448 4292 qua
1472 4206 1511 4268 de
1603 4207 1604 4212 ’

338 4313 517 4391 vocabulis,
543 4313 662 4398 quibus
688 4314 912 4399 significantur
934 4314 1127 4378 facetiarum
1149 4335 1282 4397 genera,
1310 4315 1390 4398 agit3
1429 4334 1511 4400 quae
1603 4343 1604 4416 q

337 4424 613 4522 m‘q‘er—riut.
634 4455 741 4520 quaest.
763 4453 872 4508 convrv.
892 4453 952 4506 111
973 4469 1033 4522 cap.
1054 4453 1089 4505 13
1107 4452 1167 4505 init.
