3252 5082
840 385 1061 449 ..32-

399 628 401 633 .
468 563 514 628 Ut
536 565 569 628 in
591 565 755 648 excerptis
781 573 814 626 et
838 562 927 650 apud
949 563 1155 627 Demetrium
1178 563 1288 648 priore
1313 561 1385 626 loco
1408 583 1565 626 enume-

362 681 475 736 rantur
502 668 642 735 ridicula
676 673 709 733 in
737 669 838 734 verbo
874 671 991 756 posita,
1027 692 1067 735 ac
1096 670 1236 755 primum
1265 678 1315 734 est
1338 668 1563 754 ambiguum,

362 778 451 864 quod
482 776 601 841 deesse
627 757 755 840 videtur
789 777 820 838 in
852 778 1016 861 excerptis
1053 784 1086 839 et
1113 775 1201 862 apud
1229 776 1454 854 Demetrium,
1489 776 1564 838 nisi

362 885 552 968 ambiguum
588 883 677 947 dicat
711 884 784 969 quis
821 884 1007 964 συντομίαν,
1044 882 1085 946 de
1122 904 1187 969 qua
1221 885 1326 968 pn‘mo
1362 882 1440 947 loco
1486 883 1564 966 agit

363 991 552 1055 Demetrius
578 993 597 1070 ξ
621 990 699 1072 1383
725 989 814 1074 quod
836 991 953 1056 iniuria
976 999 1013 1054 ut
1035 989 1112 1053 mibi
1139 989 1267 1054 videtur
1289 988 1370 1055 facit
1393 990 1561 1054 Liersius

362 1096 539 1183 (Fleckeis.
575 1120 648 1161 ann.
677 1097 761 1161 1887
798 1119 828 1182 p.
854 1095 942 1180 688).
998 1097 1124 1160 Tamen
1158 1096 1348 1181 ambiguum
1383 1119 1456 1162 non
1495 1119 1560 1160 ne·

363 1204 506 1289 glectum
524 1226 599 1267 esse
613 1206 645 1266 in
663 1202 830 1267 veteribus
844 1202 885 1266 de
901 1202 1040 1268 ridiculo
1058 1202 1332 1288 disputationibus
1351 1226 1413 1267 nos
1433 1203 1561 1268 docuit

364 1321 521 1376 tractatus
555 1309 801 1391 Ooislinianus‚.
822 1309 879 1373 ubi
913 1313 1019 1396 primo
1054 1309 1127 1374 loco
1158 1310 1291 1374 affertur
1318 1310 1556 1395 homonymia,

362 1440 449 1504 quae
485 1427 536 1481 est
570 1419 700 1503 species
737 1415 956 1502 amphiboliae
968 1415 999 1499 1).
1051 1415 1104 1481 Ab
1133 1416 1310 1481 Aristotele
1341 1415 1556 1481 vocabulum

363 1521 548 1609 ἀμφιβολία
578 1546 641 1588 non
666 1534 853 1610 usurpatur,
877 1534 987 1588 tamen
1011 1526 1077 1587 vim
1101 1523 1255 1589 vocabuli
1280 1523 1457 1608 significat,
1492 1524 1557 1588 ubi

365 1631 405 1695 de
430 1631 639 1717 homonymia
667 1630 809 1714 loquitur
838 1631 932 1715 (rhet.
958 1631 1009 1694 III
1037 1633 1075 1694 11
1105 1655 1136 1717 p.
1163 1631 1280 1698 14121)
1300 1631 1349 1716 9);
1386 1627 1461 1693 ἀλλ’
1488 1630 1556 1710 οὐχ

361 1734 450 1800 οὕτω
474 1737 557 1815 λέγει
580 1733 651 1800 ἀλλ’
675 1735 791 1809 ἄλλως,
816 1738 869 1799 καὶ
893 1734 995 1820 ἀρχὴν
1018 1735 1078 1817 οὐχ
1108 1737 1125 1800 ὃ
1150 1734 1241 1801 εἶπεν
1264 1733 1446 1822 α’πόφησιν,
1473 1735 1554 1798 ἀλλ’

363 1842 479 1917 ἄλλως.
538 1843 694 1909 Ceterum
734 1846 829 1908 etiam
867 1843 931 1908 alia
966 1844 1068 1908 verba
1103 1844 1273 1910 Ciceronis
1309 1843 1427 1908 similia
1469 1855 1554 1908 sunt

365 1951 551 2016 Aristotelis
576 1950 686 2016 verbis
712 1951 829 2016 eodem
853 1951 925 2016 loco
951 1952 1095 2038 prolatis,
1126 1963 1160 2016 ut
1182 1953 1267 2016 inter
1294 1975 1332 2017 se
1356 1957 1550 2038 comparari

367 2059 465 2123 velim
479 2059 539 2123 has
552 2061 721 2143 utriusque
736 2061 929 2123 sententias:
949 2059 1017 2124 Cic.
1035 2060 1101 2124 254
1115 2061 1290 2144 ‘ingeniosi
1308 2061 1394 2124 enim
1411 2061 1550 2124 videtur

365 2170 432 2230 vim
455 2165 549 2230 verbi
577 2169 610 2229 in
638 2165 736 2248 aliud,
766 2175 864 2252 atque
894 2167 993 2229 ceteri
1017 2168 1189 2251 accipiant,
1214 2189 1313 2252 posse
1339 2162 1472 2232 ducere'
1502 2203 1547 2212 -

365 2274 498 2338 Aristot.
523 2297 553 2359 p.
580 2272 692 2336 14121)
717 2274 736 2335 7
761 2269 953 2356 ἀμφοτέρως
979 2270 1042 2355 γάρ
1070 2271 1093 2336 ὃ·
1110 2269 1169 2336 οὐκ
1192 2274 1238 2360 ἂνΙ
1256 2269 1353 2357 ᾠήθη
1375 2295 1423 2346 τις
1445 2273 1545 2357 ἐρεῖν,

363 2376 454 2442 τοῦτ’
489 2384 615 2463 εἴρηιαι,
674 2379 805 2443 Deinde
840 2381 887 2444 iis
917 2403 1001 2466 quae
1038 2380 1078 2444 de
1118 2381 1256 2467 decepta
1291 2383 1542 2468 exspectatione

364 2489 466 2552 adicit
482 2487 597 2552 Cicero
622 2487 641 2572 ξ
665 2486 741 2565 251),
766 2497 879 2572 aperte
896 2487 1034 2551 eandem
1052 2489 1206 2574 exprimit
1222 2491 1415 2554 sententiam
1440 2499 1541 2574 atque

365 2593 560 2658 Aristoteles
585 2595 700 2658 eodem
726 2597 832 2679 capite
857 2619 887 2680 p.
908 2595 1091 2659 1412a18:
1121 2597 1207 2658 ἔστιν
1231 2595 1268 2657 δὲ
1291 2596 1342 2658 καὶ
1365 2591 1407 2657 τά
1424 2593 1541 2658 ἀστεῖα

363 2699 406 2763 τά
432 2700 568 2763 πλεῖστα
597 2698 651 2763 διά
678 2701 867 2785 μεταφορᾶς
891 2703 943 2763 καὶ
971 2702 1006 2764 ἐκ
1034 2703 1090 2764 τοῦ
1116 2703 1389 2786 προσεξαπατᾶν’
1413 2701 1539 2782 μᾶλλον

362 2807 427 2892 γάρ
458 2809 599 2886 γίγνεται
627 2807 728 2891 δῆλον
760 2806 810 2872 ὅτι
844 2811 951 2889 ἔμαθε
985 2806 1075 2892 ’παρὰ
1109 2807 1147 2872 τὸ
1182 2810 1335 2882 ἐναντίως
1364 2812 1455 2891 ἔχειν,
1483 2811 1536 2871 καὶ

363 2918 467 2978 ἔοικεν
495 2914 598 2991 λέγειν
632 2911 651 2998 ἡ
689 2911 778 3001 ψυχή
814 2912 870 2988 ‘cic
897 2913 1043 2998 α’ληθῶς,
1073 2913 1134 2994 ἐγώ
1172 2915 1208 2979 δὲ
1240 2913 1391 3000 ἥμαρτον
1415 2955 1456 2962 -
1485 2920 1535 2981 sic

367 3022 497 3087 Cicero:
528 3024 596 3086 ‘sed
622 3025 713 3088 scitis
738 3046 813 3088 esse
839 3026 1045 3088 notissimum
1069 3024 1199 3090 ridiculi
1221 3048 1326 3110 genus
1351 3048 1423 3090 cum
1446 3025 1534 3092 aliud

367 3141 579 3216 expectamus
610 3130 697 3194 aliud
722 3131 848 3197 dicitur.
897 3132 950 3195 hic
974 3132 1137 3196 nobismet
1171 3135 1253 3218 ipsis
1282 3143 1394 3198 noster
1417 3134 1530 3218 error²)

365 3240 468 3302 risum
492 3236 619 3302 movet'.
800 3310 802 3314 ¹

474 3344 627 3409 Ceterum
662 3346 809 3409 nonde
845 3346 1005 3411 industria
1040 3371 1059 3410 a
1094 3347 1255 3411 Cicerone
1296 3347 1348 3412 hic
1384 3358 1530 3414 tractatur

364 3452 507 3537 decepta
531 3453 649 3537 opinio,
679 3473 743 3536 qua
772 3453 922 3538 exemplo
960 3464 1087 3518 tantum
1119 3457 1216 3519 utitur
1252 3457 1323 3520 eius
1358 3457 1415 3536 rei,
1447 3457 1525 3542 quod

364 3557 555 3643 ambiguum
573 3580 646 3623 cum
664 3558 727 3622 alio
744 3565 867 3644 genere
879 3560 1007 3624 ridiculi
1020 3563 1228 3625 coniunctum
1242 3567 1397 3628 maiorem
1410 3575 1528 3628 moveat

366 3669 478 3730 risum.
537 3666 576 3729 Id
610 3688 745 3738 moneo,
787 3669 863 3753 quia
901 3690 1015 3732 omnes
1052 3669 1193 3733 editores
1202 3668 1224 3752 3)
1264 3669 1349 3734 falsa
1387 3671 1525 3755 opinione

363 3773 523 3857 deceptos
548 3795 623 3836 esse
647 3773 754 3838 video.
802 3774 876 3862 Non
904 3798 924 3838 a
947 3774 1057 3839 verbis
1084 3778 1178 3862 ‘quae
1202 3798 1326 3860 genera
1349 3798 1523 3862 percurram

364 3879 529 3965 equidem'
546 3902 632 3944 nova
646 3903 724 3967 pars
740 3881 929 3966 incipienda
949 3893 1027 3964 erat,
1053 3883 1112 3946 sed
1130 3883 1211 3947 baec
1235 3893 1268 3947 et
1284 3905 1367 3969 quae
1384 3893 1525 3948 secuntur

363 3989 475 4052 omnia
499 3989 661 4072 pertinent
685 3987 726 4051 ad
743 3990 883 4073 primum
899 4011 1014 4073 genus,
1037 3990 1071 4053 id
1096 4001 1148 4053 est
1169 3990 1212 4054 ad
1228 3990 1429 4075 ambiguum3
1447 4014 1524 4056 nova

476 4164 494 4224 ¹)
515 4160 629 4225 Quintil.
643 4162 695 4215 VII
714 4163 739 4227 9,
758 4163 872 4234 Trypho
892 4163 937 4233 Sp.
957 4164 1001 4218 Ill
1018 4184 1045 4234 p.
1059 4165 1121 4235 203,
1135 4167 1320 4220 Anaximenes
1339 4165 1412 4236 Spl
1428 4184 1450 4234 p.
1468 4167 1522 4234 212,

364 4251 402 4306 cf.
421 4269 507 4320 snpra
524 4270 550 4320 p.
571 4251 613 4307 10.
830 4286 832 4290 -
956 4299 959 4306 .
1095 4261 1097 4266 ’

473 4341 494 4406 ²)
513 4339 638 4395 Eandem
657 4343 760 4413 repetit
778 4344 948 4398 sententiam
967 4348 982 4412 ς
1000 4345 1061 4398 260.

474 4432 493 4500 ³)
513 4430 548 4483 of.
568 4431 763 4486 adnotationes
781 4433 916 4486 Pideritii.
