3252 5082
807 362 1027 424 -24...

326 535 420 602 erto
447 535 494 620 μή
529 535 716 622 πόρρωθεν,
751 535 836 600 οἷον·
854 537 889 601 ἐκ
926 538 1130 623 παρασκευῆς
1163 535 1361 606 ἐπεισόδιον.
1409 541 1506 622 Quae

327 656 505 733 praecepta
541 647 649 710 omnia
672 645 900 731 Peripateticis
933 640 1078 711 tribuere
1113 649 1246 711 minime
1283 646 1395 712 dubito
1433 639 1504 713 cam

326 755 531 839 potissimum
557 752 598 817 oh
624 773 767 831 causam,
800 753 887 838 quod
912 751 1030 844 similia
1064 755 1160 818 etiam
1185 754 1272 840 apud
1298 752 1506 833 Ciceronem,

328 883 425 947 quem
449 859 531 924 Iibro
555 861 771 945 Peripatetico
796 862 843 923 uti
867 868 991 924 certum
1016 869 1076 938 est,
1100 863 1315 947 reperiemus.
1352 853 1354 856 ⁵

361 1070 364 1074 ’
433 1075 551 1138 Utrum
581 1083 710 1160 praeter
733 1076 970 1160 Peripateticos
1008 1075 1048 1138 de
1083 1074 1222 1138 ridiculo
1258 1075 1364 1140 fusius
1402 1080 1507 1161 egerit

328 1184 401 1267 quis
430 1203 547 1262 necne,
583 1183 761 1262 nescimus,
797 1204 836 1244 ac
867 1203 1064 1267 quamquam
1099 1205 1165 1246 non
1196 1182 1374 1246 verisimile
1411 1194 1462 1246 est
1488 1163 1509 1248 εί

328 1292 447 1354 ceteris
471 1289 554 1356 haec
578 1311 714 1374 prorsus
738 1283 891 1373 neglecta
916 1310 1001 1368 esso,
1026 1299 1137 1353 tamen
1161 1289 1313 1354 diversae
1338 1290 1508 1354 doctrinae

327 1399 466 1482 vestigia
489 1399 523 1460 in
540 1395 679 1461 Graecis
696 1395 812 1460 litteris
829 1398 886 1460 vix
908 1399 1129 1460 inveniantur.
1176 1397 1225 1460 Ne
1248 1400 1282 1461 in
1306 1399 1347 1460 iis
1373 1399 1506 1483 quidem

327 1503 430 1585 libris,
456 1505 510 1588 qui
535 1502 755 1566 arhetoribus
780 1505 814 1565 in
838 1525 934 1566 usum
952 1502 1084 1566 scholae
1102 1503 1393 1589 componebantur,
1419 1486 1506 1568 risus

327 1610 536 1681 tractabatur,
574 1609 633 1673 sed
661 1610 703 1673 ad
739 1620 905 1696 troporum
941 1609 1042 1674 libros
1079 1610 1162 1674 haec
1198 1613 1333 1674 materia
1361 1600 1506 1697 relegata

328 1728 393 1798 est3
418 1740 492 1781 nam
518 1719 662 1800 εἰρωνεία
685 1727 800 1803 tropus
825 1727 884 1799 est,
911 1720 1004 1780 cuius
1023 1717 1210 1803 complures
1234 1720 1365 1804 species
1389 1718 1505 1782 distin-

328 1835 480 1908 guuntur.
540 1824 638 1909 Apud
677 1823 750 1888 illos
786 1823 935 1888 rhetores
970 1834 1078 1888 autem
1117 1827 1262 1909 εἰρωνεία
1300 1847 1366 1890 non
1406 1848 1508 1890 sensu

330 1930 567 2014 Aristotelioo1l
593 1941 624 1994 et
648 1931 930 2016 Theophraste02)
955 1941 1141 2017 usurpatur,
1167 1931 1227 1995 sed
1251 1953 1325 1996 cum
1349 1931 1509 2017 allegoria

329 2048 468 2122 cognata
500 2048 549 2102 est
584 2038 637 2102 vel
666 2036 841 2122 allegoriae
877 2038 910 2102 id
945 2060 1061 2122 genus,
1098 2061 1163 2124 quo
1200 2040 1362 2103 contraria
1397 2049 1506 2103 osten-

330 2145 488 2227 duntur3).
537 2144 666 2208 ironiae
689 2144 800 2230 plures
830 2145 1062 2209 discernuntur
1094 2146 1234 2230 species,
1267 2156 1301 2208 ut
1324 2143 1509 2230 σαρκασμός

329 2248 544 2334 μυκτηρισμίς
567 2248 749 2330 χλευασμὸς
765 2248 940 2331 α’στεισμὸς
955 2248 1181 2332 χαριεντισμὸς
1200 2252 1293 2334 aliae,
1319 2253 1359 2316 de
1385 2253 1507 2339 quibus

332 2361 517 2430 accuratius
542 2380 638 2442 agere
666 2381 732 2422 non
756 2381 864 2422 meum
890 2368 949 2422 est.
997 2359 1071 2422 Hoc
1095 2368 1218 2422 tantum
1243 2382 1361 2424 moneo
1385 2362 1418 2423 in
1442 2360 1509 2423 illis

329 2465 506 2550 generibus
541 2468 665 2529 ironiae
701 2489 720 2528 a
755 2465 920 2529 nonnullis
956 2468 1141 2529 enumerari
1168 2468 1266 2529 etiam
1297 2470 1505 2551 napotpr‘av4)

330 2585 363 2636 et
385 2571 538 2652 είκασμὸω
555 2572 607 2636 vel
631 2575 793 2657 εἴκασμαῧ)
819 2582 851 2636 et
874 2573 978 2637 fuisse
996 2576 1051 2657 qui
1076 2575 1172 2636 etiam
1189 2569 1318 2653 μύθους
1340 2575 1381 2638 iis
1405 2577 1508 2638 ascri-

329 2679 481 2763 berent⁶l
528 2681 621 2744 Haec
639 2661 807 2744 doctrinae
823 2681 1061 2765 Peripateticae
1078 2682 1218 2764 vestigia
1243 2702 1317 2744 esse
1342 2681 1506 2758 videntur,

331 2811 414 2873 quac
439 2798 584 2851 ceterum
609 2810 683 2852 cum
712 2787 904 2851 tractatibus
928 2795 1096 2872 troporum
1120 2809 1185 2851 non
1210 2787 1381 2866 cohaeret;
1418 2789 1506 2874 quod

331 2904 443 2980 aperte
479 2895 682 2958 demonstrat
706 2894 938 2976 Quintilianus,
975 2896 1030 2980 qui
1053 2897 1086 2958 in
1121 2897 1194 2979 ipsa
1223 2894 1263 2959 de
1299 2897 1368 2958 risu
1397 2882 1506 2980 dispu-

330 3004 450 3066 tatione
479 3012 647 3088 troporum
676 3003 872 3066 mentionem
903 3002 1035 3087 quidem
1067 3002 1155 3083 facit,
1190 3000 1306 3066 sedin
1331 3001 1506 3066 afferendis

330 3108 490 3195 exemplis
507 3119 642 3192 tantum,
669 3132 742 3173 oum
759 3119 869 3172 autem
886 3118 998 3194 tropos
1015 3118 1142 3190 tractat,
1164 3111 1251 3173 risus
1268 3131 1333 3172 non
1350 3109 1506 3206 meminit.

441 3287 459 3355 ¹)
480 3285 553 3338 rhet.
572 3305 598 3355 p.
620 3285 689 3338 1419
708 3287 726 3338 b
746 3285 775 3338 9:
795 3284 808 3336 ὃ
828 3285 877 3352 μὲν
895 3283 1092 3356 γὰρ<εἴρων>
1115 3285 1194 3336 αὑτοῦ
1213 3283 1285 3336 ἕνεκα
1308 3277 1382 3336 ’ποιεί
1397 3283 1507 3354 γελοῖσνῖ

440 3376 459 3440 ²)
480 3373 561 3429 Ohar.
582 3375 607 3428 I:
627 3377 643 3441 ἡ
660 3375 709 3443 μὲν
728 3371 772 3428 οὗν
791 3375 910 3444 εἰρωνεία
929 3405 962 3412 -
982 3375 1157 3443 προσποίησις
1175 3371 1218 3425 ἐπὶ
1237 3373 1266 3426 τὸ
1283 3363 1379 3442 χεῖρον.

440 3467 459 3532 ἒἸ
481 3463 595 3530 Quintil.
614 3464 683 3517 VIII
702 3465 777 3528 o‚54;
795 3463 909 3532 Trypho
928 3462 975 3532 Sp.
994 3462 1036 3516 III
1055 3482 1082 3532 p.
1102 3462 1154 3515 205
1165 3481 1205 3530 sq.

439 3549 460 3620 ὸ)
480 3554 594 3622 Trypho
614 3551 660 3623 Sp.
680 3553 802 3607 111206.
841 3551 955 3616 Quintil.
976 3551 1041 3605 VIII
1059 3551 1129 3616 6,57.

439 3643 460 3710 ⁵)
480 3642 593 3712 Trypho
612 3643 630 3695 I.
651 3659 673 3694 o.
693 3661 720 3710 p.
740 3641 801 3705 202,
823 3641 995 3694 Cocondrius
1014 3659 1041 3709 p.
1062 3639 1123 3694 236.

442 3731 463 3797 θ)
484 3730 653 3785 (Iocondrius
673 3730 718 3799 Sp.
738 3729 861 3782 111236.
