3252 5082
615 363 807 424 -7-

123 541 235 606 locum
258 543 292 604 in
322 540 500 604 comoediis
529 540 628 624 (1406
653 540 673 604 b
697 539 743 625 5):
780 539 831 600 καί
860 542 908 602 ἔτι
930 543 1081 621 τέταρτον
1103 538 1141 603 τό
1170 539 1300 628 ψυχρὸν

122 649 161 710 ἑν
183 657 254 720 ταῖς
281 656 479 731 μεταφοραῖς
507 649 643 723 rivaret:
678 647 759 708 εἰσίν
785 643 849 730 γάρ
878 647 913 708 αἱ
935 648 1115 732 μεταφοραί
1143 643 1299 732 ἀπρεπεῖς

124 754 162 813 αἱ
184 755 245 833 μὲν
268 749 324 814 διὰ
349 749 386 815 τὸ
414 752 539 831 γελοῖον
562 753 714 836 (χρῶνται
736 749 797 833 γὰρ
824 754 876 814 καί
900 754 931 816 οἱ
957 751 1182 837 κωμῳδοποιοὶ
1204 777 1298 836 μετα-

125 861 256 945 φοραῖς)
280 861 315 921 αἱ
338 859 375 922 δὲ
405 860 469 924 κτλ,
518 860 711 946 Metaphora
738 883 827 946 ergo,
864 865 893 924 si
916 863 1013 926 modo
1049 861 1147 925 sedes
1170 861 1299 927 ridiculi

125 966 289 1032 tractabat
312 967 519 1049 Aristoteles,
554 990 619 1032 non
644 968 763 1032 deesse
791 978 917 1053 poterat
951 971 984 1032 in
1011 968 1066 1032 illa
1094 978 1185 1053 parte
1221 970 1300 1032 artis

125 1076 287 1160 poeticae.

237 1217 342 1282 Simili
374 1227 480 1282 autem
517 1218 613 1282 modo
650 1241 762 1282 omnes
798 1219 867 1282 fere
903 1198 1039 1282 uirtutes
1077 1240 1213 1282 severae
1248 1217 1301 1281 vel

129 1327 280 1409 poeticae
305 1324 457 1389 dictionis
486 1325 585 1389 sedes
614 1325 743 1390 ridiculi
772 1326 844 1388 fieri
872 1337 1020 1412 possunt,
1053 1323 1142 1389 velut
1169 1328 1202 1388 in
1232 1335 1300 1388 arte

127 1433 260 1518 poetica
279 1432 439 1516 quasdam
455 1453 508 1496 res
521 1432 657 1496 ridicule
671 1432 820 1496 adhiberi
832 1454 932 1519 posse
945 1432 1087 1496 affirmat
1095 1431 1300 1511 Aristoteles,

127 1560 212 1624 quas
241 1541 275 1602 in
300 1547 439 1604 tractatu
457 1537 656 1604 Ooisliniano
679 1541 882 1625 reperiemus
899 1542 944 1625 (p.
963 1541 1048 1604 1458
1064 1539 1085 1603 b
1103 1535 1303 1624 11);τὸμὲν

127 1642 190 1708 οὖν
216 1647 398 1729 φαίνεσθαι
425 1641 580 1729 ἀπρεπῶς
612 1643 776 1728 χρώμενον
798 1642 901 1731 τούτῳ
937 1647 981 1730 τῷ
1013 1643 1125 1730 τρόπῳ
1160 1645 1300 1722 γελοῖον·

127 1750 166 1814 τὸ
191 1751 228 1814 δὲ
251 1756 367 1836 μέτρον
389 1749 497 1816 κοινὸν
524 1749 683 1815 ἁπάντων
705 1752 771 1815 ἐστὶ
799 1752 866 1816 τῶν
889 1753 1005 1838 μερῶν,
1041 1754 1094 1815 καὶ
1121 1749 1184 1837 νάρ
1208 1775 1300 1833 μετα-

128 1870 246 1944 φοραῖς
269 1859 320 1920 καί
356 1857 513 1934 γλῶτταις
535 1861 587 1921 καί
611 1870 677 1932 τοϊς
704 1858 811 1932 ἀλλοις
845 1858 943 1922 εἴδεσι
966 1857 1127 1940 χρώμενος
1150 1857 1304 1944 ἀπρεπῶς

129 1967 182 2027 καί
203 1965 350 2049 ἐπίτηδες
365 1966 420 2028 ἐπί
434 1964 475 2027 τὰ
490 1966 598 2043 γελοῖα
613 1965 650 2029 τὸ
667 1964 749 2029 αδνὸ
768 1969 810 2028 ἀν
825 1963 1052 2052 ἀπεργάσαιτο.
1094 1967 1187 2047 Quae
1211 1991 1304 2053 prac-

131 2076 227 2160 cipue
253 2074 340 2137 dicta
363 2084 440 2138 sunt
463 2074 503 2138 de
519 2074 697 2159 generibus
722 2085 820 2139 antea
843 2078 1105 2138 commemoratis
1130 2076 1229 2156 (1458
1245 2074 1303 2138 ba

129 2183 164 2242 αἱ
188 2177 372 2252 &nandans
395 2182 447 2241 καὶ
471 2178 636 2244 ἀποκοπαί
662 2182 713 2242 καί
738 2181 907 2257 ἐξαλλαγαί
937 2180 1002 2243 τῶν
1027 2178 1218 2264 ὀνομάτων),
1244 2183 1304 2246 sed

130 2290 296 2374 pertinent
320 2289 416 2350 etiam
440 2287 483 2352 ad
507 2299 625 2354 cetera.

238 2430 360 2504 Restat,
386 2443 421 2494 ut
445 2432 486 2494 de
502 2434 542 2494 iis
558 2433 735 2516 generibus
752 2431 892 2510 iocandi,
911 2455 995 2516 quae
1012 2433 1044 2494 in
1061 2433 1142 2514 ipsis
1159 2431 1304 2494 moribus

130 2549 163 2601 et
188 2540 327 2620 ingeniis
352 2537 520 2603 hominum
543 2540 650 2623 posita
674 2547 759 2610 sunt,
790 2539 868 2624 quid
891 2539 1086 2601 iudicaverit
1109 2537 1304 2602 Aristoteles

131 2646 318 2725 ostendam3
350 2669 423 2710 nam
454 2648 549 2709 etiam
579 2644 641 2708 hac
671 2648 704 2708 in
732 2668 768 2708 re
802 2647 873 2708 eius
904 2646 1058 2709 iudicium
1082 2668 1148 2709 non
1172 2644 1305 2730 paulum

132 2749 277 2816 valuisse
322 2752 407 2836 apud
452 2754 651 2838 posteriores
700 2752 895 2816 videbimus.
955 2753 1119 2816 Personae
1161 2755 1306 2817 comicae

132 2857 229 2923 facile
258 2861 291 2921 in
320 2861 381 2922 tria
408 2881 531 2944 genera
560 2859 759 2940 dividuntur,
789 2881 873 2944 quae
903 2871 991 2923 recte
1018 2868 1250 2924 enumerantur
1273 2862 1306 2923 in

131 2976 272 3031 tractatu
296 2989 393 3051 quem
419 2966 532 3030 dicunt
555 2966 756 3031 Ooisliniano
782 2967 815 3051 (ξ
842 2969 870 3050 7,
897 2970 930 3030 iu
946 2965 1088 3030 Kaibelii
1112 2966 1304 3050 fragmentis

133 3094 215 3136 com.
244 3071 301 3136 Gr.
328 3072 423 3138 voll
450 3076 464 3136 l
492 3098 522 3159 p.
548 3074 617 3156 52jt
654 3072 723 3157 ἤδη
745 3072 915 3156 κωμῳδίας
937 3069 978 3133 τά
1002 3096 1036 3133 τε
1059 3069 1231 3152 βωμολόχα
1254 3075 1306 3134 καί

134 3176 172 3240 roi
195 3177 342 3264 είρωνικά
368 3181 421 3240 καί
447 3177 485 3241 πί
510 3180 578 3242 τῶν
600 3176 798 3264 ἀλαζόνονί).
835 3179 935 3265 Apud
956 3178 1164 3242 Aristotelem
1191 3179 1305 3260 eadem

130 3308 254 3370 genera
278 3290 450 3351 coniuncta
477 3287 617 3372 legimus
641 3287 674 3350 in
699 3286 879 3351 ethicorum
902 3286 1196 3350 Nicomacheorum
1224 3285 1306 3350 libro

133 3393 280 3458 secundo
304 3417 333 3478 p.
352 3393 437 3458 1108
462 3417 481 3456 a
504 3394 584 3478 212).
633 3394 754 3457 Fusius
780 3393 820 3456 de
838 3393 888 3456 his
912 3393 1011 3457 rebus
1029 3397 1136 3478 agitur
1159 3396 1191 3456 in
1214 3393 1308 3458 ethic.

133 3501 203 3565 Nic.
232 3500 306 3564 libri
330 3505 436 3586 quarti
465 3501 627 3586 capitibus
654 3502 695 3565 13
724 3513 756 3563 et
790 3504 839 3564 14.
887 3500 999 3564 Priore
1026 3503 1132 3586 capite
1163 3504 1247 3564 inter
1271 3524 1307 3563 se

135 3622 345 3694 opponuntur
369 3604 386 3670 ὁ
413 3605 542 3681 ἀλαζὼν
565 3617 596 3671 et
625 3605 641 3670 ὁ
670 3610 773 3689 εἴρων,
810 3611 894 3672 inter
930 3631 1012 3694 quos
1048 3609 1191 3672 medium
1220 3617 1309 3671 tenet

134 3715 242 3779 locum
266 3711 284 3776 ὁ
308 3711 526 3797 ἀληθευωκός,
551 3714 653 3780 altero
680 3712 697 3776 ὁ
727 3712 912 3796 βωμολόχος
936 3727 968 3778 et
996 3713 1013 3779 ὁ
1038 3712 1190 3798 ἀγροῖκος,
1224 3717 1309 3778 inter

135 3845 218 3908 quos
243 3821 371 3886 medius
396 3832 447 3885 est
471 3817 488 3883 ὁ
514 3818 722 3907 εὐτράπελος.
771 3823 904 3886 Homini
921 3821 1074 3908 glorioso,
1101 3824 1156 3905 qui
1172 3844 1308 3908 prorsus

137 3930 319 4006 damnatur,
353 3929 538 4016 praefertur
561 3925 579 3991 ὁ
605 3933 699 4011 εἴρων
722 3929 766 4015 (p.
794 3929 925 3994 1127b
956 3929 1029 4013 29):
1064 3929 1094 3990 oi
1118 3926 1155 3990 δὲ
1177 3930 1311 4010 μετρίως

134 4033 292 4117 χρώμενοι
319 4036 353 4124 τῇ
374 4037 518 4119 εἰρωνείᾳ
540 4037 593 4097 καί
620 4037 692 4116 περὶ
715 4035 756 4097 τὰ
780 4034 822 4118 μή
841 4035 914 4098 λίαν
930 4033 1085 4116 ἐμποδῶν
1108 4036 1160 4096 καί
1184 4037 1310 4118 φανεροί

246 4323 263 4380 't
284 4320 319 4374 cf.
340 4319 508 4389 Bernaysius
526 4320 544 4372 l.
565 4336 587 4372 c.
606 4337 633 4388 p.
655 4317 706 4370 158
717 4336 776 4386 sqq.

244 4410 265 4471 ’t
285 4409 378 4464 Verba
400 4409 518 4462 adnotat
537 4406 679 4462 Kaibelius
698 4407 716 4460 l.
736 4423 759 4460 c.
