3252 5082
619 400 836 464 ..]3..

139 599 238 643 usum
264 581 401 644 oratoris
426 600 501 642 esse
526 580 735 663 compositos,
762 587 875 642 contra
890 586 1062 642 tractatum
1081 575 1315 642 Coislinianum

139 687 181 750 de
207 686 379 751 comoedia
402 687 560 771 scriptum
585 707 670 750 esse.
718 684 852 749 Minime
875 686 974 770 igitur
990 687 1107 749 mirum
1125 695 1184 765 est,
1203 707 1314 770 quam-

139 816 239 878 quam
263 793 411 856 doctrina
435 792 550 856 eadem
575 801 634 874 est,
659 794 691 855 in
717 791 864 875 catalogo
889 789 1090 855 Coisliniano
1119 789 1183 854 alia
1207 793 1315 854 inesse

138 923 239 985 quam
268 902 301 963 in
326 899 603 985 disputationibus
627 899 810 962 rhetoricis
857 899 983 962 Tamen
1006 920 1049 961 ne
1066 899 1097 962 in
1114 897 1166 961 his
1184 896 1314 983 quidem

136 1006 239 1070 rebus
266 1007 387 1076 desunt
414 1005 658 1089 similitudines3
684 1007 780 1069 immo
811 1016 976 1070 oratorum
1003 1027 1126 1088 genera
1154 1007 1187 1068 in
1214 1004 1314 1069 rebus

131 1115 246 1199 posita
271 1135 313 1178 ex
336 1113 386 1177 his
417 1113 604 1177 comoediae
632 1112 810 1196 generibus
840 1122 910 1176 orta
938 1134 1014 1175 esse
1043 1113 1224 1198 putandum
1254 1121 1313 1176 est.

135 1221 222 1285 Nam
254 1219 337 1286 haec
373 1217 548 1303 πράγματα
582 1241 690 1305 neque
714 1220 790 1301 ἔργα
814 1228 891 1283 sunt
913 1241 1020 1304 neque
1043 1217 1209 1283 rhetorum
1232 1215 1315 1303 πρά-

135 1349 256 1408 γματα,
270 1327 330 1392 sed
345 1336 520 1413 utrumque
538 1326 813 1414 complectuntur3
837 1329 871 1390 in
888 1349 1009 1391 scaena
1027 1329 1112 1390 enim
1129 1348 1194 1390 non
1219 1327 1313 1390 modo

132 1444 263 1518 gestus,
290 1435 464 1498 sedetiam
488 1434 575 1497 facta
600 1455 673 1497 cum
697 1433 808 1497 verbis
834 1435 988 1518 coniungi
1012 1433 1127 1514 solent,
1152 1443 1186 1496 at
1206 1445 1314 1498 orator

136 1543 236 1614 etiam
254 1543 288 1604 in
310 1543 392 1606 iocis
417 1563 435 1604 e
459 1541 560 1604 rebus
585 1539 692 1604 ductis
718 1561 849 1627 semper
871 1539 942 1604 fere
966 1540 1045 1604 solis
1070 1540 1181 1604 verbis
1206 1543 1313 1608 utitur.

244 1649 371 1712 Novem
401 1650 499 1733 igitur
526 1669 649 1732 genera
676 1646 744 1708 τῶν
778 1643 981 1729 πραγμάτων
1015 1659 1246 1712 enumerantur
1279 1652 1313 1713 in

136 1764 279 1819 tractatu
304 1755 513 1836 Coisliniano,
543 1754 607 1818 duo
640 1756 749 1839 priora
772 1764 898 1819 tantum
922 1764 1020 1839 atque
1045 1755 1238 1841 ecquidem
1264 1779 1313 1820 or·

138 1863 216 1927 dine
239 1864 372 1926 inverso
397 1864 429 1927 in
453 1863 596 1926 Taetaae
621 1870 787 1946 excerpto,
813 1863 907 1925 cuius
931 1873 1046 1926 auctor
1069 1861 1163 1947 plura
1190 1884 1232 1926 ne
1255 1885 1313 1926 no-

131 1957 227 2032 ¹visse
254 1969 385 2055 quidem
410 1969 548 2045 videtur,
572 1991 646 2032 cum
672 1971 721 2032 sic
743 1969 890 2054 incipiat:
912 1967 948 2030 ἐκ
972 1966 1009 2030 δὲ
1031 1968 1099 2032 τῶν
1113 1965 1313 2051 πραγμάτων

136 2070 220 2135 κατὰ
243 2071 382 2156 τρόπους
406 2071 476 2140 δύο.
525 2074 631 2155 Quam
656 2098 724 2139 rem
749 2096 815 2138 non
839 2074 956 2138 melius
981 2074 1228 2161 explicaverunt
1252 2078 1313 2140 viri

131 2181 223 2246 'docti
237 2204 335 2268 quam
345 2183 389 2245 ita
398 2192 434 2246 ut
442 2181 588 2246 dicerent
599 2191 825 2267 excerptorem
835 2183 991 2266 ignavum
1003 2193 1112 2246 cetera
1123 2185 1311 2268 omisisset.

134 2289 206 2374 Ego
231 2288 362 2353 facilius
386 2312 457 2354 rem
482 2289 647 2376 explicare
677 2311 776 2375 posse
804 2288 884 2353 mihi
907 2292 999 2352 visus
1029 2310 1116 2374 sum3
1142 2290 1202 2354 sed
1227 2314 1311 2376 quae

133 2398 240 2481 primo
265 2408 354 2460 certa
377 2419 453 2461 esse
478 2398 599 2483 putavi,
615 2419 703 2460 nunc
727 2395 913 2475 dubitanter
927 2397 1068 2482 profero.
1116 2395 1200 2461 Cum
1224 2401 1312 2462 enim

134 2504 223 2589 apud
248 2503 443 2568 Ciceronem
468 2504 521 2587 (de
545 2513 624 2567 orat.
644 2503 861 2587 11240-43)
883 2504 1086 2587 duogenera
1102 2505 1188 2568 inre
1205 2505 1311 2589 posita

134 2634 154 2674 a
183 2613 303 2676 ceteris
333 2613 501 2696 segregari
528 2609 720 2694 viderem2),
749 2633 834 2696 quae
869 2621 1098 2695 excerptorum
1133 2612 1311 2694 generibus

137 2716 257 2781 similia
292 2731 378 2800 sunt,
415 2740 495 2782 casu
529 2716 615 2782 hanc
650 2719 896 2801 congruentiam
931 2717 1052 2781 factam
1081 2739 1156 2781 esse
1180 2721 1308 2802 negavi.

89 2812 93 2818 ’
137 2823 307 2888 Generum
343 2824 632 2890 Ciceronianorum
667 2827 758 2910 prius
794 2822 927 2908 (fabella
962 2824 1014 2888 vel
1048 2827 1190 2888 narratio
1220 2825 1310 2908 ficta)

134 2932 215 2997 milri
232 2942 408 3016 cognatum
424 2934 531 2996 visum
554 2942 604 2995 est
627 2926 741 3019 dadrp
766 2930 811 2995 illi
835 2930 988 3015 catalogi3
1014 2954 1087 2995 nam
1113 2955 1310 3018 quamquam

133 3061 201 3102 non
236 3041 352 3124 ignoro
385 3038 466 3103 haec
501 3038 604 3103 verba
632 3037 764 3103 diversa
801 3061 886 3114 esse,
922 3049 1032 3102 tamen
1065 3042 1161 3103 etiam
1190 3039 1311 3104 fabella

134 3168 241 3230 genus
254 3146 420 3232 quoddam
436 3146 586 3210 fallaciae
604 3155 663 3226 est,
677 3167 716 3209 ac
733 3148 885 3231 quoniam
903 3148 998 3209 factis
1015 3159 1124 3210 orator
1140 3147 1309 3213 audientes

133 3253 292 3338 decipere
326 3276 392 3318 non
428 3262 546 3338 potest,
577 3251 730 3317 fabellam
767 3251 928 3338 appellavi
954 3248 1090 3334 ἀπάτην
1125 3255 1308 3320 oratoriam.

137 3360 292 3424 Similiter
306 3359 440 3424 alterum
454 3383 560 3444 genus
577 3359 827 3425 Ciceronianam
843 3361 1074 3444 (imitationem
1088 3360 1309 3445 depravatam'

136 3465 225 3551 dico)
255 3477 359 3530 ortum
388 3490 464 3531 esse
492 3469 604 3552 putavi
633 3489 675 3530 cx
697 3467 867 3531 homoeosi
892 3465 1040 3551 catalogi,
1071 3468 1157 3552 quod
1183 3478 1309 3532 rectum

131 3595 210 3639 csse
235 3596 322 3638 nunc
347 3596 476 3660 quoque
501 3595 695 3661 persuasum
721 3573 836 3640 habeo.
876 3574 990 3659 Itaque
1009 3575 1216 3639 statuendum
1233 3597 1308 3640 esse

134 3682 250 3766 putavi
272 3683 337 3744 iarn
360 3684 394 3745 in
419 3692 648 3767 excerptorum
672 3683 836 3745 communi
852 3681 943 3744 fonte
958 3689 994 3745 ut
1010 3682 1097 3768 apud
1115 3680 1308 3748 Ciceronem

135 3810 258 3872 genera
281 3787 391 3852 brevis
416 3791 512 3874 spatii
529 3798 680 3874 separata
697 3789 799 3851 fuisse
817 3789 858 3853 ab
875 3790 914 3851 iis
931 3809 1015 3872 quae
1033 3788 1128 3853 latius
1144 3799 1307 3874 paterent;

136 3916 200 3977 qua
234 3917 271 3958 re
306 3895 428 3959 factum
460 3918 544 3976 esse,
571 3904 606 3958 ut
634 3897 666 3959 in
690 3895 832 3959 Tzetzae
863 3897 1027 3982 excerptis
1051 3897 1161 3980 priora
1184 3905 1307 3960 tantum

134 4023 259 4084 genera
283 4013 502 4084 servarentur,
518 4004 551 4065 in
568 4011 707 4066 tractatu
725 4001 925 4067 Coisliniano
951 4005 1059 4066 omnia
1083 4001 1215 4088 quidem
1239 4025 1307 4067 ser-

242 4180 263 4242 1)
283 4178 451 4246 Bernaysius
470 4177 487 4231 l.
508 4194 530 4230 c.
549 4196 578 4246 p.
598 4177 658 4246 180,
677 4176 829 4243 Kaibelius,
850 4177 894 4232 die
914 4179 1043 4248 Prolegg.
1063 4183 1097 4236 Π.
1118 4179 1149 4233 Κ.
1168 4197 1196 4247 p.
1216 4178 1258 4233 56.

243 4268 263 4332 ²)
283 4273 298 4334 ξ
317 4269 382 4320 243;
402 4274 477 4336 ‘ergo
496 4267 565 4320 haec
584 4267 638 4321 duo
657 4284 763 4335 genera
781 4270 847 4320 sunt
859 4268 918 4320 eius
930 4267 1048 4335 ridiculi,
1068 4268 1143 4336 qnod
1162 4268 1191 4320 in
1209 4286 1241 4321 re
1258 4286 1308 4337 po-

137 4355 219 4409 situm
243 4360 295 4418 est,
319 4373 390 4425 quae
413 4359 478 4410 aunt
500 4355 614 4426 propria
644 4359 845 4425 perpetuarum
868 4356 1042 4410 facetiarum'
1071 4374 1128 4425 eqa.
1172 4357 1206 4410 cf.
1236 4374 1307 4425 quae

138 4444 208 4498 infra
228 4447 263 4499 de
282 4445 423 4500 Ciceronis
442 4447 593 4516 partitione
614 4445 746 4500 dicamus.
