3252 5082
815 384 1037 451 -52..

405 562 525 628 Orator
548 565 605 628 88:
641 562 721 628 illud
745 563 899 628 admone-

339 694 411 734 mus
424 681 535 734 tamen
548 668 687 735 ridiculo
698 655 747 734 sic
764 667 899 735 usurum

339 775 510 858 oratorem,
547 787 582 840 ut
616 799 679 842 nec
707 779 805 841 nimis
834 778 899 841 fre·

339 886 461 970 quenti,
497 906 537 948 ne
574 883 711 948 scurrile
747 885 797 962 sit,
836 907 899 948 nec

338 989 556 1072 subobsceno,
581 995 623 1054 ne
644 987 899 1072 mimicum,nec

338 1097 505 1183 petulanti,
523 1120 564 1161 ne
578 1097 774 1183 improbum,
788 1121 850 1162 nec
866 1100 900 1163 in

338 1204 565 1286 calamitatem,
599 1227 641 1267 ne
677 1205 898 1283 inhumanum,

337 1334 399 1375 nec
422 1313 456 1374 in
479 1311 620 1390 facinus,
645 1334 685 1376 ne
710 1311 775 1376 odii
790 1311 898 1377 locum

338 1420 424 1482 risus
450 1428 598 1505 occupet,
624 1441 731 1504 neque
761 1429 816 1482 aut
839 1441 901 1483 sua

338 1547 479 1610 persona
502 1533 558 1588 aut
581 1525 723 1588 iudicum
749 1534 804 1588 aut
819 1534 899 1588 tem·

338 1655 417 1718 pore
447 1631 598 1699 alienum.
632 1632 716 1695 haec
746 1635 833 1695 enirn
857 1631 900 1695 ad

339 1737 417 1803 illud
463 1738 654 1803 indecorum
701 1738 897 1802 referuntur.

339 1846 452 1910 vitabit
476 1847 571 1909 etiam
597 1839 744 1931 quaesita
771 1868 833 1909 uec
858 1869 900 1909 ex

1022 564 1062 644 Q.
1099 565 1156 629 33:
1197 565 1368 656 vitandum
1409 568 1507 644 etiam,

954 694 995 735 ne
1019 670 1182 758 petulans,
1199 693 1241 734 ne
1259 673 1450 758 superbum,
1472 696 1508 736 ne

954 777 1036 858 loco,
1061 801 1102 842 ne
1126 786 1274 864 tempore
1298 777 1452 861 alienum,
1473 801 1510 841 ne

953 894 1181 970 praeparatum
1221 895 1254 948 et
1293 885 1391 949 domo
1430 886 1511 950 adla-

954 1000 1023 1054 tum
1054 992 1206 1055 videatur
1236 992 1324 1077 quod
1360 992 1511 1056 dicimus:

954 1120 1031 1161 narn
1060 1098 1220 1163 adversus
1249 1088 1401 1174 miseros,
1433 1101 1512 1163 sicut

955 1227 1055 1290 supra
1102 1205 1267 1290 dixeram,
1315 1205 1510 1270 inhumanus

955 1320 1005 1374 eat
1042 1313 1145 1376 iocus.
1187 1312 1248 1376 sed
1291 1313 1425 1397 quidam
1470 1315 1511 1375 ita

955 1426 1032 1482 sunt
1059 1428 1212 1504 receptae
1239 1422 1441 1484 auctoritatis
1475 1443 1509 1483 ac

954 1534 1050 1589 notae
1066 1525 1298 1607 verecundiae,
1316 1535 1351 1590 ut
1367 1529 1510 1590 nocitura

954 1634 997 1696 sit
1018 1633 1052 1694 iu
1077 1654 1134 1696 eos
1160 1633 1291 1697 dicendi
1321 1633 1509 1718 petulantia:

953 1762 1028 1803 nam
1058 1739 1099 1803 de
1124 1741 1237 1803 amicis
1264 1741 1329 1802 iam
1359 1761 1509 1825 praecep-

954 1856 1106 1910 tumeat.

337 1951 580 2038 temporeficta,
589 1951 648 2016 sed
660 1952 755 2015 domo
765 1951 897 2036 allata1),

340 2065 423 2146 quae
447 2055 640 2145 plerumque
671 2069 747 2123 sunt
769 2060 897 2144 frigida.

338 2176 452 2251 parcet
474 2175 507 2228 et
530 2168 681 2229 amicitiis
707 2178 738 2230 et
762 2167 898 2252 dignita-

333 2273 435 2365 tibus,
459 2273 574 2337 vitabit
598 2275 667 2358 equ

446 2399 507 2462 His
543 2421 584 2461 ne
621 2421 721 2472 unum
751 2385 883 2482 quidem
912 2399 1048 2462 verbum
1079 2398 1201 2462 addere
1235 2421 1317 2484 opus
1348 2411 1408 2478 est,
1440 2421 1506 2462 curn

324 2491 509 2570 'Ciceronis
534 2520 712 2590 praecepta
734 2516 911 2570 retractare
936 2504 1173 2586 Quintilianum
1198 2515 1362 2592 appareat.

444 2613 498 2677 Ad
528 2612 624 2676 sedes
656 2612 785 2676 ridiculi
814 2616 931 2677 transit
964 2612 1186 2694 Quintilianus
1216 2611 1235 2698 ξ
1264 2614 1318 2696 35,
1351 2622 1450 2699 atque
1479 2615 1508 2708 in

339 2721 427 2783 initio
453 2719 494 2782 de
519 2720 670 2783 omnibus
694 2720 870 2804 generibus
895 2721 982 2784 idem
1006 2721 1195 2805 pronuntiat
1218 2721 1305 2805 quod
1331 2719 1448 2785 Cicero
1472 2721 1508 2783 de

340 2825 518 2912 generibus
543 2849 560 2889 e
584 2850 620 2890 re
643 2829 752 2912 petitis
770 2827 849 2892 dicit
864 2826 974 2912 (289):
999 2850 1170 2890 numerum
1188 2827 1333 2891 locorum
1351 2828 1507 2891 infinitum

340 2957 424 2998 esse.
472 2932 710 3019 Comparantur
726 2936 789 2998 ioci
807 2957 879 2999 cum
897 2934 1012 3018 figuris
1030 2936 1262 2998 sententiarum
1281 2944 1313 2997 et
1329 2934 1508 3016 verboram,

339 3061 477 3126 quorum
500 3040 565 3105 loci
588 3064 654 3105 non
677 3043 784 3105 minus
810 3044 976 3106 numerosi
1000 3052 1085 3109 sunt.
1489 3021 1491 3036 Ε

446 3147 485 3211 In
514 3150 663 3233 proxima
692 3148 853 3212 divisione
885 3147 920 3233 (ξ
944 3149 1002 3213 37:
1033 3150 1130 3211 ‘risus
1160 3150 1259 3232 igitur
1283 3137 1432 3211 oriuntur
1460 3159 1510 3210 aut
1607 3159 1608 3168 ¹

339 3279 381 3319 ex
413 3277 550 3342 corpore
583 3259 663 3337 eiua,
695 3257 727 3318 in
753 3278 851 3340 quem
876 3255 1025 3337 dicimus,
1050 3264 1106 3318 aut
1129 3277 1172 3318 ex
1195 3256 1314 3337 animo,
1340 3245 1511 3340 qui'factis

340 3365 380 3428 ab
407 3387 444 3428 eo
470 3363 632 3448 dictisque
658 3362 830 3447 colligitur,
856 3374 911 3427 aut
935 3386 977 3426 ex
1001 3363 1063 3443 his,
1081 3383 1164 3447 quae
1183 3373 1259 3426 sunt
1275 3372 1368 3426 extra
1383 3361 1511 3448 posita’)
1607 3397 1608 3420 t

339 3469 509 3535 Kaibelius
534 3492 774 3554 recognoscere
800 3470 862 3533 sibi
879 3472 970 3534 visus
996 3480 1046 3532 est
1070 3469 1266 3533 divisionem
1283 3469 1371 3532 illam
1388 3469 1510 3533 Aristo·
1607 3475 1608 3544 j

338 3578 422 3652 telis,
454 3599 551 3662 quam
580 3599 680 3662 supra
708 3576 873 3640 attulimus
902 3575 995 3660 (rhet.
1025 3576 1058 3640 ΙΙ
1086 3600 1117 3662 p.
1150 3577 1265 3641 1371b
1295 3576 1352 3641 35:
1388 3573 1512 3657 ἀνάγκη

338 3687 391 3746 καὶ
415 3682 455 3745 τά
482 3683 591 3761 γελοῖα
613 3681 697 3766 ἡδέα
720 3679 814 3754 εἶναι,
839 3684 893 3746 καὶ
916 3679 1116 3767 ἀνθρώπους
1138 3684 1191 3744 καὶ
1215 3679 1331 3760 λόγους
1346 3683 1398 3744 καὶ
1416 3684 1509 3768 ἔργα).

338 3792 419 3855 Mihi
444 3792 575 3878 quidem
600 3790 788 3856 Aristotelis
806 3801 839 3855 et
855 3789 1047 3871 Quintiliani
1071 3791 1250 3854 divisiones
1268 3791 1510 3854 diversissimae

340 3924 414 3964 esse
438 3900 604 3982 videntur,
626 3923 700 3964 nam
718 3899 912 3985 apud'illum
928 3899 1011 3963 haec
1023 3901 1085 3963 tria
1102 3900 1359 3982 distinguuntur:
1385 3897 1510 3981 ἄνθρω-

340 4005 603 4090 noctura-tara,
623 4006 709 4092 apud
726 4007 827 4071 huno:
859 4007 1234 4093 corpus-animus-extra
1250 4007 1365 4090 posita.
1406 4006 1510 4090 Atque
1607 3983 1608 4004 l

339 4118 417 4178 licet
440 4114 564 4177 obicias
589 4114 667 4177 mihi
689 4111 873 4198 ἄνθρωπον
897 4136 971 4178 esse
996 4136 1116 4199 corpus
1141 4151 1183 4179 ,-
1208 4113 1295 4198 quod
1319 4124 1428 4176 tamen
1450 4135 1511 4176 non
1607 4095 1608 4098 Ἴ

340 4244 472 4309 semper
482 4231 607 4284 rectum
619 4230 681 4304 est3
692 4222 792 4284 immo
804 4220 847 4285 ad
856 4242 965 4286 mores
976 4220 1145 4286 hominum
1155 4220 1351 4284 Aristoteles
1364 4231 1510 4306 spectare

339 4329 469 4393 videtur
492 4367 544 4410 —,
569 4330 713 4392 animum
749 4327 870 4414 ‘colligi
904 4328 1000 4392 factis
1038 4326 1222 4413 dictisque’,
1252 4338 1362 4391 tamen
1390 4337 1511 4391 restant

413 4442 430 4445 --
450 4440 614 4538 ¹)-csplut
635 4471 743 4535 quaest,
765 4485 842 4521 conv.
862 4469 924 4521 111
946 4485 1005 4536 cap.
1027 4467 1069 4521 13.
