3300 5074
604 441 823 506 -59‘-

128 648 170 688 ex
193 623 289 688 nobis
313 623 428 709 petito;
455 643 554 708 quam
578 643 649 685 rem
672 621 790 685 transit
810 619 961 705 scriptor,
986 617 1062 703 quia
1079 618 1217 682 oratoris
1240 639 1305 682 non

126 734 170 795 sit
191 730 225 795 in
249 753 285 795 se
302 728 413 794 dicere
438 738 470 792 et
492 727 629 794 totidem
654 727 760 792 modis
785 735 865 813 quot
886 727 921 790 in
944 723 1025 789 alios
1046 724 1080 789 id
1096 723 1169 789 fieri
1189 725 1304 812 possit.

128 836 283 903 Similiter
307 835 487 921 ‘indignum
512 834 644 899 homine
671 831 799 898 liberali
827 831 860 896 id
878 839 952 913 est,
978 830 1066 918 quod
1089 840 1147 896 ant
1168 832 1306 917 turpiter

127 954 184 1026 aut
206 953 357 1032 potenter
380 940 506 1007 dicitur'
530 941 609 1028 (83).
1323 927 1324 932 ἵ

234 1053 254 1132 ξ
287 1052 330 1116 84
365 1049 407 1114 ad
441 1051 516 1137 ipsa
543 1046 675 1113 ridiculi
704 1069 828 1133 genera
852 1042 1015 1132 simulque
1045 1045 1088 1110 ad
1112 1044 1305 1111 Ciceronem

126 1157 212 1222 redit
228 1157 384 1242 scriptor:
410 1159 573 1242 ‘superest
595 1177 702 1240 genus
719 1152 907 1240 decipiendi
932 1153 1120 1239 opinionem
1144 1159 1200 1218 a'ut
1219 1152 1306 1220 diota

127 1263 221 1329 aliter
255 1263 477 1348 intellegendi,
502 1284 587 1349 quae
612 1270 689 1325 sunt
713 1263 746 1325 in
770 1261 858 1326 omni
881 1260 944 1325 hac
967 1260 1105 1324 materia
1126 1258 1180 1324 vel
1204 1281 1304 1324 venu-

129 1372 292 1436 stissima'.
327 1369 402 1434 Hoc
417 1389 522 1454 genus
539 1370 718 1432 maximum
735 1367 867 1432 valebat
888 1369 953 1431 iam
977 1368 1066 1455 apud
1083 1365 1304 1444 Aristotelem,

127 1478 215 1543 idem
261 1499 369 1564 neque
408 1477 441 1540 in
481 1477 646 1560 excerptis
686 1495 793 1561 neque
833 1474 921 1560 apud
959 1474 1165 1539 Demetrium
1201 1474 1304 1539 deest.

126 1585 297 1652 Ciceronis
322 1592 432 1648 autem
456 1603 531 1646 cum
548 1580 749 1663 Quintiliano
773 1581 856 1646 haee
879 1580 982 1646 verba
1003 1580 1206 1646 conferenda
1230 1591 1306 1646 sunt

126 1691 234 1776 (284):
271 1689 342 1755 ‘sed
371 1713 413 1754 ex
447 1689 499 1753 his
529 1688 680 1754 omnibus
713 1688 795 1753 nihil
817 1690 922 1774 magis
946 1687 1071 1752 ridetur
1095 1707 1193 1774 quam
1218 1689 1306 1775 quod

126 1809 177 1864 est
200 1808 330 1886 praeter
354 1795 636 1883 expectationem'.
683 1796 854 1882 Repetitur
876 1818 916 1860 ea
938 1797 1078 1881 partitio,
1104 1815 1190 1884 quae
1220 1796 1305 1880 §45

126 1908 295 1992 proposita
329 1915 393 1969 est:
430 1905 645 1990 ‘inopinatum
674 1912 706 1966 et
738 1926 757 1966 a
783 1901 970 1967 lacessente
998 1905 1076 1990 poni
1100 1901 1184 1968 solet
1209 1939 1245 1948 -
1274 1913 1306 1966 et

127 2017 159 2077 in
179 2012 407 2079 occurrendo'.
444 2012 566 2076 Prioris
584 2012 709 2097 speciei
725 2009 864 2075 alterum
881 2010 1069 2097 exemplum
1086 2033 1128 2074 ex
1144 2009 1304 2076 Cicerone

127 2119 219 2205 (281)
241 2121 380 2206 petitum
404 2129 464 2183 est.
513 2117 596 2184 Cum
622 2119 761 2205 decepta
778 2119 930 2207 opinione
948 2120 1191 2202 coniunguntur
1206 2117 1319 2181 simu·¹

126 2229 202 2294 latio
238 2236 271 2292 et
298 2225 525 2304 dissimulatio,
555 2248 641 2313 quae
669 2248 774 2312 aeque
798 2226 869 2291 fere
898 2225 1053 2290 differunt
1082 2249 1122 2290 ao
1146 2225 1304 2311 deceptae

126 2335 289 2422 opinionis
314 2335 444 2419 species
469 2332 552 2419 (85):
577 2332 750 2419 ‘plurimus
774 2342 884 2397 autem
909 2334 998 2398 circa
1014 2331 1256 2398 simulationem
1273 2341 1305 2395 et

126 2439 419 2519 dissimulationem
451 2442 538 2504 risus
568 2450 628 2518 est,
654 2461 738 2527 quae
763 2448 839 2506 sunt
862 2441 971 2504 vicina
995 2449 1027 2505 et
1049 2462 1153 2527 prope
1178 2439 1303 2518 eadem,

126 2549 187 2614 sed
207 2547 370 2613 simulatio
395 2557 445 2612 est
469 2557 592 2611 certam
614 2549 799 2634 opinionem
825 2549 924 2612 animi
949 2548 1001 2612 sui
1016 2548 1183 2629 imitantis,
1209 2546 1304 2611 dissi-

125 2654 258 2720 mulatio
282 2653 390 2720 aliena
413 2676 450 2719 se
473 2677 590 2741 parum
614 2652 805 2740 intellegere
830 2653 1004 2740 fingentis'.

234 2761 333 2848 Apud
347 2761 540 2826 Ciceronem
557 2761 620 2826 hae
638 2764 769 2848 species
785 2785 851 2826 non
868 2762 1110 2843 discernuntur,
1128 2762 1187 2827 sed
1204 2783 1304 2826 unum

126 2880 250 2935 tantum
265 2890 371 2954 genus
396 2879 455 2949 est,
474 2870 563 2954 quod
580 2868 784 2933 dissimilatio
809 2871 881 2934 sive
898 2869 1138 2935 dissimulantis
1154 2876 1302 2934 vocatur.

127 2977 252 3041 Tamen
275 2987 448 3061 utramque
465 2977 611 3061 speciem
635 2977 785 3041 invenias
810 2979 908 3040 etiam
932 2978 1020 3063 apud
1043 2975 1145 3056 illum,
1162 2978 1305 3062 priorem

128 3085 148 3162 ξ
172 3084 253 3149 269:
279 3083 416 3148 ‘urbana
440 3085 538 3147 etiam
562 3082 778 3149 dissimulatio
803 3093 863 3162 est,
889 3106 987 3171 quom
1010 3084 1074 3149 alia
1090 3084 1245 3150 dicuntur
1267 3105 1305 3147 ao

127 3191 271 3275 sentias'3
297 3192 350 3254 cui
372 3190 445 3255 loco
462 3191 671 3276 subiungitur
693 3189 773 3255 illud
797 3189 912 3276 §2722
943 3193 1005 3257 ‘est
1027 3190 1105 3257 huic
1121 3190 1305 3256 finitumum

127 3296 387 3378 dissimulationi,
424 3319 522 3383 quom
559 3297 697 3362 honesto
728 3298 831 3362 verbo
866 3300 986 3363 vitiosa
1019 3321 1074 3363 res
1099 3296 1303 3384 appellatur’‚

127 3405 214 3490 quod
237 3405 326 3492 apud
351 3404 587 3486 Quintilianum
612 3404 746 3471 affertur
770 3407 790 3486 ξ
815 3405 872 3470 87:
898 3406 969 3470 ‘sed
992 3408 1096 3472 averti
1119 3404 1304 3470 intellectus

126 3523 157 3577 et
191 3511 286 3578 aliter
322 3512 415 3594 solet,
451 3533 527 3576 cum
562 3511 603 3577 ab
628 3512 852 3597 asperioribus
883 3513 925 3578 ad
953 3514 1078 3578 leniora
1101 3510 1305 3578 deflectitur’.

129 3619 337 3707 Exemplum,
364 3642 428 3705 quo
445 3629 583 3705 uterque
599 3621 709 3698 utitur,
735 3641 754 3683 a
771 3619 932 3685 Cicerone
955 3620 1054 3708 paulo
1077 3622 1227 3705 inferius,
1245 3621 1303 3684 sed

127 3728 281 3792 tamenin
298 3727 413 3790 eodem
432 3736 587 3791 contextu
603 3727 746 3791 affertur.
772 3727 919 3792 Alteram
937 3727 1128 3808 Quintiliani
1146 3731 1303 3817 speciem,

67 3849 72 3859 ·
127 3834 159 3897 id
184 3843 235 3898 est
252 3836 323 3897 eius
341 3832 646 3916 dissimulationem,
664 3835 752 3920 apud
770 3834 966 3899 Ciceronem
981 3837 1169 3901 invenimus
1186 3839 1207 3917 ξ
1223 3836 1303 3901 273:

126 3950 268 4006 'acutum
293 3943 391 4005 etiam
414 3940 496 4006 illud
521 3950 580 4019 est,
607 3964 704 4027 quom
735 3965 777 4006 ex
800 3940 933 4007 alterius
959 3944 1105 4007 oratione
1128 3943 1219 4008 aliud
1249 3965 1302 4008 ex-

127 4050 230 4134 cipias
254 4058 352 4136 atque
376 4045 431 4111 ille
456 4045 545 4130 volt,
578 4071 598 4112 a
622 4069 686 4135 quo
709 4071 832 4133 genere
856 4051 912 4113 vix
936 4049 1105 4114 diversum
1129 4059 1190 4132 est,
1216 4050 1304 4136 quod

126 4155 232 4239 §275
258 4154 438 4240 subiungit:
465 4155 540 4221 ‘non
564 4155 670 4225 ¹uideri
693 4155 884 4242 intellegere
909 4157 997 4243 quod
1020 4156 1213 4242 intellegas'.

232 4261 286 4327 Ad
311 4261 416 4326 simile
440 4283 546 4347 genus
575 4265 692 4327 transit
715 4261 937 4343 Quintilianus
969 4267 989 4344 ξ
1014 4265 1071 4329 88:
1109 4265 1149 4327 ‘ei
1175 4263 1303 4328 confine

126 4377 186 4450 est,
212 4369 298 4456 quod
323 4369 441 4433 dicitur
464 4391 524 4455 per
548 4369 798 4455 suspicionem,
823 4370 910 4435 idem
927 4381 1083 4435 t1·actatur
1106 4369 1303 4436 aCicerone

125 4473 145 4557 ξ
173 4476 254 4542 278ῑ
293 4475 391 4539 ‘salsa
427 4486 503 4540 sunt
531 4478 638 4558 etiam,
669 4499 753 4563 quae
782 4477 905 4543 habent.
928 4481 1151 4565 suspicionem
1175 4477 1304 4542 ridiculi
