3252 5082
810 374 1031 436 ...44-

334 557 386 611 est
409 571 480 612 eam
504 551 714 635 potissimum
738 550 779 615 ob
810 573 889 627 rem,
921 551 1008 636 quod
1037 573 1097 636 per
1126 561 1225 615 totam
1253 551 1511 637 disputationem

335 654 487 740 exempla
511 656 637 720 addidit
660 659 809 742 scriptor.
1217 735 1219 738 Ι

443 759 511 826 Sed
537 763 764 828 Ciceronianis
789 765 946 828 detractis
977 774 1174 850 supererunt
1201 788 1240 828 ea
1269 788 1354 850 quae
1379 765 1513 829 aliunde

336 878 466 954 sumpta
483 881 568 952 sunt,
588 880 756 956 quactum
773 871 890 936 molius
907 873 1074 936 aestimari
1090 881 1251 956 poterunt.
1288 872 1339 937 Ac
1356 871 1514 937 facillime

334 976 366 1037 ei
379 973 447 1039 loci
464 974 687 1050 absolvuntur,
710 977 830 1062 quibus
845 976 1016 1042 Ciceronis
1032 1000 1151 1042 nomen
1168 978 1259 1042 addit
1271 978 1513 1059 Quintilianus:

441 1083 459 1164 ἓ
484 1083 504 1146 8
531 1081 643 1166 (habet
667 1085 764 1164 enim,
789 1094 824 1147 ut
848 1084 965 1149 Cicero
990 1085 1078 1159 dicit,
1105 1085 1217 1149 sedem
1246 1087 1278 1149 in
1305 1085 1516 1150 deformitate

334 1186 441 1274 aliqua
461 1200 493 1252 et
510 1190 725 1274 turpitudine)
743 1201 870 1276 spectat
885 1191 928 1254 ad
944 1189 1017 1254 libri
1037 1192 1173 1255 secundi
1198 1192 1238 1255 de
1256 1203 1384 1256 oratore
1402 1195 1421 1274 ἓ
1439 1193 1514 1257 236.

441 1299 461 1376 ᾗ
488 1297 528 1360 18
553 1295 640 1381 (nam
676 1304 708 1360 et
738 1298 855 1361 Cicero
884 1320 990 1379 omne,
1024 1298 1112 1383 quod
1137 1298 1260 1362 salsum
1293 1301 1343 1376 sit,
1370 1300 1416 1363 ait
1439 1321 1516 1362 esse

334 1402 531 1487 Atticorum)
555 1406 676 1488 cogitat
699 1405 740 1467 de
764 1403 912 1468 Oratoris
936 1403 1008 1469 loco
1033 1408 1053 1485 ᾗ
1078 1405 1135 1487 903
1160 1407 1232 1491 ipsa
1255 1429 1320 1488 res,
1346 1429 1433 1492 quae
1458 1431 1515 1470 no-

333 1512 461 1574 tissima
485 1521 544 1592 est,
570 1521 844 1575 commemoratur
868 1515 963 1575 etiam
989 1513 1029 1575 de
1055 1525 1132 1578 orat.
1158 1513 1192 1576 Il
1217 1515 1290 1576 217.

366 1657 368 1662 ,
442 1619 460 1698 ξ
484 1618 541 1681 23:
577 1617 679 1681 verba
704 1617 875 1682 Ciceronis
903 1621 1113 1683 inveniuntur
1140 1618 1178 1704 ἓξ
1202 1621 1277 1703 274,
1302 1621 1377 1692 275,
1405 1621 1471 1686 289
1481 1625 1513 1704 ¹).

442 1725 542 1805 §24:
569 1724 636 1789 Cic.
662 1724 681 1810 ξ
706 1726 780 1790 289.

441 1834 461 1911 ᾗ
486 1833 528 1895 42
553 1833 598 1914 (in
616 1832 778 1898 narrando
796 1844 905 1897 autem
923 1833 1039 1898 Cicero
1058 1836 1239 1898 consistere
1256 1834 1395 1898 facetias
1412 1845 1514 1921 putat,

334 1938 541 2002 dicacitatem
566 1942 600 2002 in
625 1938 789 2022 iaciendo)
807 1939 1006 2021 Quintiliano
1031 1951 1106 2004 ante
1131 1940 1243 2005 oculos
1260 1951 1414 2005 versatur
1431 1940 1514 2006 Ora-

334 2046 415 2109 toris
440 2049 459 2125 ἕ
485 2046 542 2128 87;
568 2047 684 2111 eadem
707 2070 760 2110 res
786 2048 927 2111 diversis
953 2047 1194 2133 quodammodo
1217 2047 1329 2112 verbis
1354 2058 1514 2113 tractatur

335 2152 376 2215 de
401 2162 479 2220 orat.
503 2154 583 2229 2183
608 2155 701 2218 cuius
725 2154 789 2218 loci
814 2154 1036 2234 Quintilianus
1059 2157 1218 2219 rationem
1241 2177 1307 2218 non
1332 2155 1456 2220 habuit.

441 2260 603 2346 Exempla
627 2262 746 2325 deinde
770 2261 926 2326 nonnulla
950 2285 969 2325 a
994 2261 1152 2326 Cicerone
1178 2284 1215 2326 se
1238 2274 1389 2326 mutuare
1414 2265 1515 2348 profi·

333 2377 419 2432 tetur
444 2367 679 2446 Quintilianus:

443 2477 485 2554 ἐξ
510 2473 613 2558 43144
636 2475 670 2538 id
693 2475 803 2556 refert,
830 2474 929 2560 ‘quod
953 2477 993 2539 de
1018 2477 1052 2540 L.
1084 2475 1206 2540 Crasso
1235 2486 1348 2540 contra
1371 2472 1514 2541 Brutum

335 2580 451 2644 Cicero
487 2583 520 2644 in
549 2582 696 2646 secundo
725 2581 766 2644 de
796 2592 923 2646 oratore
946 2582 1030 2646 libro
1055 2593 1087 2646 et
1109 2582 1181 2646 aliis
1207 2582 1404 2668 quibusdam
1428 2583 1514 2647 locis

334 2691 469 2769 narrat,
500 2689 587 2772 quod
615 2689 756 2752 refertur
784 2711 803 2751 a
833 2688 992 2752 Cicerone
1021 2689 1060 2774 ἓξ
1092 2689 1216 2774 223s24
1246 2699 1278 2752 et
1305 2692 1343 2752 in.
1363 2692 1514 2755 oratione

333 2819 392 2880 pro
418 2793 568 2859 Cluentio
593 2796 703 2859 habita
731 2795 769 2880 ἓξ
800 2795 932 2880 140141.
981 2796 1201 2876 Quintilianus
1230 2807 1340 2860 autem
1363 2819 1431 2860 non
1457 2820 1514 2862 ex-

334 2901 449 2965 scribit
485 2900 657 2967 Ciceronis
689 2903 800 2984 verba,
833 2904 893 2967 sed
917 2907 985 2966 suis
1015 2903 1125 2967 verbis
1149 2926 1219 2966 rem
1243 2916 1354 2966 narrat
1376 2914 1514 2989 totoque

332 3009 405 3073 looo
430 3010 463 3073 in
488 3009 621 3074 brevius
647 3020 812 3075 contracto
838 3010 1091 3096 explicationem
1115 3010 1214 3074 addit.

440 3116 458 3202 ξ
483 3117 540 3180 67;
567 3119 618 3182 ‘an
643 3139 709 3181 non
732 3117 872 3203 plurima
888 3141 948 3202 per
964 3116 1199 3204 hyperbolem)
1217 3117 1391 3182 dicuntur?
1414 3119 1513 3205 quale

331 3225 434 3287 refert
463 3223 579 3288 Cicero
609 3224 650 3287 de
679 3224 811 3289 homine
839 3223 1028 3309 praelongo,
1062 3233 1160 3309 caput
1184 3245 1258 3287 eum
1283 3224 1324 3287 ad
1349 3225 1514 3289 fornicem

331 3330 470 3394 Fabium
507 3330 706 3395 offendisse'.
764 3331 838 3394 Non
874 3330 1019 3412 dubium,
1060 3332 1137 3416 quin
1173 3342 1302 3416 spectet
1337 3328 1513 3396 Ciceronis

331 3438 446 3520 §267:
475 3440 582 3501 ‘etiam
606 3437 671 3519 illa,
697 3460 781 3523 quae
805 3437 973 3502 minuendi
998 3448 1053 3501 aut
1069 3437 1211 3522 augendi
1228 3459 1329 3500 causa
1345 3439 1386 3501 ad
1402 3441 1512 3503 incre-

332 3543 466 3608 dibilem
483 3545 731 3609 admirationem
748 3545 951 3608 ecferuntur:
978 3544 1067 3608 velut
1082 3555 1126 3625 tu,
1146 3543 1277 3626 Crasse,
1296 3547 1329 3608 in
1346 3545 1512 3623 contione,

330 3653 375 3714 ita
399 3651 462 3715 sibi
486 3656 596 3737 ipsum
619 3673 773 3735 magnum
798 3651 902 3714 videri
926 3651 1126 3731 Memmium,
1145 3653 1228 3714 utin
1246 3652 1352 3715 forum
1370 3652 1512 3716 descen·

332 3759 413 3822 dens
439 3769 537 3845 caput
561 3759 603 3823 ad
626 3758 785 3822 fornicem
808 3758 990 3821 Fabianum
1017 3756 1220 3822 demitteret’.
1269 3758 1356 3837 Quid
1381 3761 1513 3823 intersit

329 3868 414 3928 inter
438 3865 590 3952 exempla
614 3864 712 3929 allata
736 3887 900 3950 exponere
925 3867 980 3930 vix
1006 3887 1087 3950 opus
1113 3874 1176 3943 est3
1201 3874 1337 3950 apparet
1354 3864 1511 3944 Quintili-

330 3995 429 4035 anum
452 3983 519 4036 tam
544 3973 661 4036 leviter
684 3973 870 4056 inspexisse
888 3970 1059 4036 Ciceronis
1076 3970 1203 4052 librum,
1221 3980 1257 4033 ut
1272 3971 1350 4035 dicti
1366 3995 1511 4038 acumen

330 4101 394 4141 non
419 4101 484 4142 uno
509 4079 606 4142 modo
631 4078 799 4164 perderet3
824 4099 899 4139 nam
917 4080 1057 4162 primum
1074 4099 1132 4162 pro
1151 4077 1302 4162 ambiguo
1319 4076 1374 4142 illo
1393 4078 1510 4144 Crassi

437 4329 457 4396 ¹)
477 4327 539 4380 Nisi
557 4327 666 4396 plonius
685 4326 777 4379 locum
796 4325 897 4393 indico,
915 4325 1047 4391 intellego
1066 4323 1187 4376 alterum
1206 4323 1241 4376 de
1265 4326 1376 4378 oratore
1397 4325 1512 4382 librum.

437 4418 457 4476 ²)
477 4415 522 4470 Sia
541 4432 654 4469 sensum
673 4417 750 4483 recte
769 4413 895 4467 restituit
914 4413 1027 4481 Regius.
