3252 5082
610 362 828 426 -23-

121 544 164 605 in
202 541 317 606 eodem
353 539 435 604 libro
468 549 638 625 utramque
669 541 840 604 materiam
874 549 1045 604 tractatam
1081 540 1186 604 fnisse
1221 539 1318 603 velut

122 652 167 712 in
190 649 326 714 Domitii
350 647 451 711 Marsi
476 646 516 709 de
540 646 724 712 urbanitate
747 645 868 730 libro¹).
915 647 1010 710 Nunc
1026 657 1183 732 utrosque
1208 645 1313 710 libros

123 755 281 818 similiter
306 755 483 840 dispositos
508 754 837 858 fuissc'oredendum
863 763 921 818 est.

243 933 311 998 Sed
334 934 374 996 iis
401 955 484 1017 quae
509 932 549 995 de
575 954 638 996 usu
662 935 808 996 iocorum
834 931 976 995 diximus
1005 931 1184 1015 adiungere
1212 930 1315 996 liceat

126 1062 220 1126 quae
245 1039 335 1123 apud
351 1038 562 1102 Plutarchum
589 1043 726 1124 (quaest.
746 1061 840 1102 conV.
858 1038 892 1102 ΙΙ
912 1039 943 1123 1)
969 1038 1008 1101 de
1033 1035 1224 1117 σκώμματος
1247 1061 1314 1102 usu

126 1149 390 1232 praecipiuntur.
438 1145 489 1208 Ibi
521 1147 606 1208 enim
638 1148 810 1230 exponitur
837 1146 914 1209 inde
940 1169 958 1208 a
988 1147 1092 1231 eapite
1125 1146 1156 1227 4,
1193 1145 1313 1232 quibus

128 1255 231 1318 dietis
263 1257 309 1317 uti
345 1255 522 1339 possimus,
560 1276 633 1316 cum
670 1252 803 1317 laedere
840 1275 925 1334 eum,
962 1255 994 1316 in
1030 1274 1126 1337 quem
1164 1253 1314 1337 dicimus,

130 1360 287 1440 nolimus,
314 1371 411 1445 atque
435 1361 526 1423 initio
552 1362 659 1422 statim
681 1363 897 1446 praecipitur:
922 1356 1112 1440 σκώμματος
1136 1358 1173 1421 δὲ
1196 1359 1241 1443 τῷ
1268 1355 1311 1442 μὴ

129 1467 308 1552 δυναμένῳ
342 1463 410 1544 μετ’
442 1463 608 1548 εὐλαβείας
643 1467 696 1528 καί
729 1472 840 1550 τέχνης
874 1464 957 1530 κατοί
994 1465 1106 1550 καιρὸν
1144 1464 1315 1528 ἅπτεσθαι

131 1572 351 1637 παντάπασιν
396 1571 562 1658 ἀφεκτέον.
624 1575 772 1654 Σκῶμμα
819 1575 939 1638 deinde
986 1583 1192 1660 comparatur
1240 1597 1313 1636 cum

132 1680 290 1766 λοιδορίᾳ,
315 1653 424 1766 ⁸atque
462 1683 634 1767 exponitur
669 1681 749 1745 illud
785 1704 885 1767 saepe
920 1683 1026 1766 magis
1061 1680 1193 1745 laedere
1218 1704 1316 1766 quam

132 1791 231 1853 hanc.
281 1789 353 1852 Non
383 1789 478 1851 modo
509 1788 590 1852 haec
620 1791 823 1873 comparatio
854 1792 960 1852 statim
986 1790 1146 1852 Demetrii
1175 1811 1235 1851 nos
1261 1788 1315 1851 ad-

132 1906 257 1966 monet,
285 1898 339 1981 qui
365 1897 465 1975 §172
492 1895 613 1958 claudit
637 1895 687 1958 his
712 1896 838 1960 verbis:
864 1899 892 1957 εί
916 1894 953 1957 δὲ
974 1893 1030 1979 μή,
1055 1887 1251 1979 φευξόμεθα
1272 1891 1313 1955 τοί

132 2000 317 2084 σκώμματα
342 2001 449 2084 ὥσπερ
472 2001 641 2085 λοιδορίας,
673 2003 731 2066 sed
756 2004 974 2088 Theophrasti
1000 2005 1105 2088 ipsius
1129 2003 1231 2066 finitio
1256 2002 1313 2065 τοῦ

133 2107 330 2191 σκώμματος
355 2111 525 2190 affertur2).
574 2111 760 2173 Verisimile
791 2113 888 2194 igitur
925 2121 975 2173 est
1010 2112 1106 2173 etiam
1144 2132 1227 2195 quae
1265 2110 1318 2172 hic

132 2217 180 2281 de
214 2240 278 2280 usu
314 2219 375 2280 ioci
399 2219 645 2302 praecipiuntur
669 2217 709 2280 ad
735 2218 971 2303 Peripateticos
997 2217 1173 2282 referenda
1199 2217 1315 2301 asael).

134 2326 232 2389 Haec
258 2335 366 2387 autem
392 2333 613 2408 exponuntur:
654 2325 765 2387 Facile
795 2327 816 2387 ii
840 2327 1024 2388 inisionem
1049 2325 1170 2404 ferunt,
1200 2327 1256 2409 qui
1281 2347 1317 2387 re

135 2455 219 2495 vera
244 2453 310 2494 non
335 2442 510 2516 tanguntur
545 2429 686 2495 ludibrio
722 2430 763 2516 (οί
793 2429 922 2513 μακράν
951 2430 1040 2504 ὄντες
1063 2441 1117 2514 τῆς
1153 2430 1316 2512 διαβολῆς,

135 2563 211 2624 cap.
238 2538 288 2622 5);
317 2537 465 2601 similiter
490 2542 518 2601 si
542 2539 629 2602 facta
652 2538 792 2603 honesta
815 2539 986 2604 maledicto
1011 2538 1191 2619 elevantur,
1216 2541 1239 2601 ii
1263 2541 1318 2624 qui

137 2655 295 2732 petuntur
318 2645 462 2730 gaudent
481 2647 589 2731 potius
608 2669 703 2730 quam
722 2646 833 2710 dolent
857 2649 941 2732 (cap.
961 2647 1009 2731 6);
1035 2657 1175 2710 venusta
1200 2645 1317 2709 deinde

136 2755 237 2816 etiam
264 2776 303 2817 ea
319 2752 531 2838 reprehensio
549 2764 608 2835 est,
635 2776 700 2838 qua
723 2777 758 2817 re
783 2777 862 2816 vera
878 2756 1002 2838 gratiae
1019 2762 1160 2838 aguntur
1183 2752 1318 2839 (μέμψις

137 2861 345 2943 ἐμφαίνουσα
379 2857 483 2942 χάριν,
522 2884 591 2946 cap
620 2862 667 2944 7);
704 2863 790 2924 scire
815 2861 913 2925 debet
941 2863 970 2924 is
1000 2864 1054 2947 qui
1087 2861 1225 2925 illudere
1253 2883 1318 2924 non

140 2965 274 3030 laedere
296 2964 373 3042 vult,
400 2966 563 3049 quomodo
588 2969 672 3031 inter
689 2991 725 3030 se
746 2968 897 3031 differant
914 2965 1037 3051 νόσημα
1062 2980 1093 3031 et
1116 2963 1319 3050 ἐπιτήδευμα

141 3085 229 3159 (cap.
256 3071 304 3158 8);
341 3073 478 3159 proinde
515 3085 591 3136 sunt
616 3074 776 3160 quaedam
807 3077 952 3161 corporis
976 3077 1056 3138 vitia
1080 3097 1164 3161 quae
1190 3074 1319 3139 irrideri

143 3179 242 3244 facile
267 3182 417 3265 patimur,
449 3192 525 3244 sunt
549 3204 633 3266 quae
658 3205 723 3246 non
748 3185 888 3268 patimur
912 3179 979 3268 (διὸ
1007 3181 1059 3244 δεῖ
1080 3183 1132 3244 καί
1155 3179 1241 3265 πρὸς
1263 3179 1320 3254 τὰς

142 3285 258 3370 φύσεις
293 3289 345 3348 καί
381 3285 421 3350 τοὶ
448 3287 518 3372 ἤθη
553 3290 741 3351 σκοποῦντα
775 3299 846 3362 ταῖς
880 3289 1028 3362 παιδιαῖς
1062 3290 1208 3374 χρῆσθαι
1242 3288 1319 3370 κτλ,

144 3418 215 3480 cap.
246 3395 294 3476 9l3
331 3407 503 3481 praeterea
539 3408 570 3459 et
605 3407 734 3482 tempus
771 3397 1015 3482 respiciendum
1048 3408 1099 3460 est
1127 3407 1159 3459 et
1188 3399 1318 3462 occasio

143 3505 230 3588 (cap.
264 3503 391 3587 10s11);
428 3526 466 3566 ac
498 3505 607 3567 minus
631 3502 804 3592 laedimus,
842 3505 982 3590 siquod
1010 3506 1043 3567 in
1073 3503 1154 3567 alios
1180 3503 1319 3568 dicimus

143 3611 241 3673 etiam
265 3611 298 3671 in
322 3632 382 3674 nos
407 3612 497 3696 ipsos
515 3611 603 3674 eadit
626 3609 710 3697 (cap.
732 3611 801 3695 12);
826 3634 930 3697 paene
955 3607 1187 3695 gravissimum
1211 3620 1319 3674 autem

144 3717 207 3780 hoe
233 3727 299 3780 est:
336 3715 458 3780 dictum
483 3740 548 3781 non
574 3717 670 3781 domo
696 3718 828 3782 allatum
854 3719 969 3799 videri,
996 3718 1055 3782 sed
1080 3740 1118 3782 eo
1143 3720 1215 3804 ipso
1239 3727 1319 3782 tem-

144 3846 225 3909 pore
262 3846 325 3908 quo
360 3827 588 3909 pronuntiatur
621 3825 702 3910 fingi
739 3826 837 3890 debet
871 3827 953 3911 (cap.
981 3827 1036 3889 13:
1066 3821 1125 3904 οὐχ
1149 3821 1260 3907 ἥκιστα
1284 3822 1321 3886 δὲ

144 3928 197 3990 δεῖ
218 3933 387 4011 προσέχειν
409 3931 461 3991 καί
486 3928 671 4014 φυλάττειν,
703 3928 796 4004 ὅπως
819 3932 853 3993 ἐκ
881 3933 938 3995 τοῦ
964 3929 1208 4016 παρατυχόντος
1231 3934 1320 3993 ἔσται

143 4035 182 4099 τὸ
207 4036 345 4116 σκῶμμα
370 4034 453 4119 πρός
476 4061 566 4110 τινας
581 4036 750 4122 ἐρωτήσεις
773 4035 924 4101 αδτόδεν
944 4041 963 4122 ἢ
981 4035 1116 4111 παιδιὰς
1138 4035 1318 4119 γινόμενον,

256 4269 277 4336 “·’)
297 4265 444 4336 ὀνειδισμὸς
471 4267 522 4336 γάρ
550 4265 603 4318 ἐστι
632 4273 675 4335 τῆς
703 4269 833 4336 ἁμαρτίας
851 4272 1130 4338 παρεσχηματισμένος
1153 4269 1183 4320 τὸ
1208 4273 1321 4336 σκιῖμμοι

142 4358 213 4410 κατὰ
232 4357 279 4409 τὸν
299 4354 468 4429 Θεόφραστον
486 4357 542 4409 κτλ,

255 4447 275 4512 ³)
296 4447 330 4500 cf.
351 4465 413 4501 cum
433 4447 475 4500 his
495 4447 623 4502 omnibus
645 4448 758 4502 Aristot.
779 4449 850 4501 rhet.
870 4447 897 4500 II
917 4448 941 4515 2,
961 4467 989 4516 p.
1010 4447 1080 4500 1379
1099 4464 1116 4500 a
1135 4446 1168 4499 29
1188 4465 1248 4514 sqq.
