<?xml version="1.0" encoding="UTF-8"?>
<!DOCTYPE html PUBLIC "-//W3C//DTD XHTML 1.0 Transitional//EN"
    "http://www.w3.org/TR/xhtml1/DTD/xhtml1-transitional.dtd">
<html xmlns="http://www.w3.org/1999/xhtml" xml:lang="en" lang="en">
 <head>
  <title>
</title>
<meta http-equiv="Content-Type" content="text/html;charset=utf-8" />
  <meta name='ocr-system' content='tesseract 3.04.00' />
  <meta name='ocr-capabilities' content='ocr_page ocr_carea ocr_par ocr_line ocrx_word'/>
</head>
<body>
  <div class='ocr_page' id='page_1' title='image "./deridiculidoctr00arndgoog_0038.png"; bbox 0 0 3252 5082; ppageno 0'>
   <div class='ocr_carea' id='block_1_1' title="bbox 606 355 824 419">
    <p class='ocr_par' dir='ltr' id='par_1_1' title="bbox 606 355 824 419">
     <span class='ocr_line' id='line_1_1' title="bbox 606 355 824 419; baseline 0 -18"><span class='ocrx_word' id='word_1_1' title='bbox 606 355 824 419; x_wconf 66' lang='lat'><strong>„31-</strong></span> 
     </span>
    </p>
   </div>
   <div class='ocr_carea' id='block_1_2' title="bbox 119 532 1367 4054">
    <p class='ocr_par' dir='ltr' id='par_1_2' title="bbox 119 532 1307 1883">
     <span class='ocr_line' id='line_1_2' title="bbox 124 532 1305 618; baseline -0.002 -20"><span class='ocrx_word' id='word_1_2' title='bbox 124 535 355 599; x_wconf 89' lang='lat' dir='ltr'>Detrahuntur</span> <span class='ocrx_word' id='word_1_3' title='bbox 379 557 418 598; x_wconf 85' lang='lat' dir='ltr'>ea</span> <span class='ocrx_word' id='word_1_4' title='bbox 440 555 563 618; x_wconf 87' lang='lat' dir='ltr'>genera</span> <span class='ocrx_word' id='word_1_5' title='bbox 579 533 719 615; x_wconf 80' lang='lat' dir='ltr'><strong>ridiculi,</strong></span> <span class='ocrx_word' id='word_1_6' title='bbox 743 555 827 618; x_wconf 88' lang='lat' dir='ltr'>quae</span> <span class='ocrx_word' id='word_1_7' title='bbox 852 534 960 597; x_wconf 86' lang='lat' dir='ltr'>faceta</span> <span class='ocrx_word' id='word_1_8' title='bbox 983 555 1049 596; x_wconf 91' lang='lat' dir='ltr'>non</span> <span class='ocrx_word' id='word_1_9' title='bbox 1073 542 1150 596; x_wconf 88' lang='lat' dir='ltr'>sunt</span> <span class='ocrx_word' id='word_1_10' title='bbox 1164 532 1305 617; x_wconf 87' lang='lat' dir='ltr'>ideoque</span> 
     </span>
     <span class='ocr_line' id='line_1_3' title="bbox 121 637 1306 726; baseline 0 -22"><span class='ocrx_word' id='word_1_11' title='bbox 121 637 289 706; x_wconf 82' lang='lat' dir='ltr'>oratorem</span> <span class='ocrx_word' id='word_1_12' title='bbox 312 664 378 706; x_wconf 90' lang='lat' dir='ltr'>non</span> <span class='ocrx_word' id='word_1_13' title='bbox 403 641 529 706; x_wconf 92' lang='lat' dir='ltr'>decent.</span> <span class='ocrx_word' id='word_1_14' title='bbox 576 640 627 704; x_wconf 83' lang='lat' dir='ltr'>Ac</span> <span class='ocrx_word' id='word_1_15' title='bbox 651 643 792 726; x_wconf 88' lang='lat' dir='ltr'>primum</span> <span class='ocrx_word' id='word_1_16' title='bbox 816 643 932 703; x_wconf 85' lang='lat' dir='ltr'>natura</span> <span class='ocrx_word' id='word_1_17' title='bbox 955 639 1094 704; x_wconf 87' lang='lat' dir='ltr'>ridicula</span> <span class='ocrx_word' id='word_1_18' title='bbox 1113 639 1306 724; x_wconf 65' lang='lat' dir='ltr'>(morosum</span> 
     </span>
     <span class='ocr_line' id='line_1_4' title="bbox 122 729 1306 834; baseline -0.001 -23"><span class='ocrx_word' id='word_1_19' title='bbox 122 751 392 834; x_wconf 87' lang='lat' dir='ltr'>superstitiosum</span> <span class='ocrx_word' id='word_1_20' title='bbox 412 749 633 833; x_wconf 86' lang='lat' dir='ltr'>suspiciosum</span> <span class='ocrx_word' id='word_1_21' title='bbox 649 747 827 831; x_wconf 85' lang='lat' dir='ltr'>gloriosum</span> <span class='ocrx_word' id='word_1_22' title='bbox 845 729 1020 832; x_wconf 80' lang='lat' dir='ltr'>stultum&#39;1)</span> <span class='ocrx_word' id='word_1_23' title='bbox 1037 749 1156 812; x_wconf 87' lang='lat' dir='ltr'>oratori</span> <span class='ocrx_word' id='word_1_24' title='bbox 1173 747 1306 811; x_wconf 83' lang='lat' dir='ltr'>vitanda</span> 
     </span>
     <span class='ocr_line' id='line_1_5' title="bbox 123 853 1305 939; baseline 0 -21"><span class='ocrx_word' id='word_1_25' title='bbox 123 865 188 920; x_wconf 90' lang='lat' dir='ltr'>est.</span> <span class='ocrx_word' id='word_1_26' title='bbox 236 856 288 920; x_wconf 87' lang='lat' dir='ltr'>De</span> <span class='ocrx_word' id='word_1_27' title='bbox 306 853 408 919; x_wconf 90' lang='lat' dir='ltr'>altero</span> <span class='ocrx_word' id='word_1_28' title='bbox 425 877 557 939; x_wconf 83' lang='lat' dir='ltr'>genere,</span> <span class='ocrx_word' id='word_1_29' title='bbox 574 856 766 930; x_wconf 79' lang='lat' dir='ltr'>imitatione,</span> <span class='ocrx_word' id='word_1_30' title='bbox 784 855 957 919; x_wconf 88' lang='lat' dir='ltr'>idemfere</span> <span class='ocrx_word' id='word_1_31' title='bbox 975 857 1039 918; x_wconf 87' lang='lat' dir='ltr'>iam</span> <span class='ocrx_word' id='word_1_32' title='bbox 1064 857 1083 932; x_wconf 64' lang='grc' dir='ltr'><strong>ξ</strong></span> <span class='ocrx_word' id='word_1_33' title='bbox 1101 855 1165 920; x_wconf 79' lang='lat'>242</span> <span class='ocrx_word' id='word_1_34' title='bbox 1183 853 1305 918; x_wconf 90' lang='lat' dir='ltr'>dictum</span> 
     </span>
     <span class='ocr_line' id='line_1_6' title="bbox 123 959 1306 1046; baseline -0.002 -20"><span class='ocrx_word' id='word_1_35' title='bbox 123 973 192 1044; x_wconf 87' lang='lat' dir='ltr'>est;</span> <span class='ocrx_word' id='word_1_36' title='bbox 219 962 278 1026; x_wconf 87' lang='lat' dir='ltr'>sed</span> <span class='ocrx_word' id='word_1_37' title='bbox 299 962 353 1026; x_wconf 88' lang='lat' dir='ltr'>hic</span> <span class='ocrx_word' id='word_1_38' title='bbox 375 961 535 1025; x_wconf 85' lang='lat' dir='ltr'>habemus</span> <span class='ocrx_word' id='word_1_39' title='bbox 551 962 586 1025; x_wconf 93' lang='lat' dir='ltr'>id</span> <span class='ocrx_word' id='word_1_40' title='bbox 603 961 801 1026; x_wconf 88' lang='lat' dir='ltr'>vocabulum</span> <span class='ocrx_word' id='word_1_41' title='bbox 818 960 991 1045; x_wconf 78' lang='lat' dir='ltr'>(liberale),</span> <span class='ocrx_word' id='word_1_42' title='bbox 1011 961 1097 1046; x_wconf 88' lang='lat' dir='ltr'>quod</span> <span class='ocrx_word' id='word_1_43' title='bbox 1118 959 1306 1025; x_wconf 81' lang='lat' dir='ltr'>Aristotelis</span> 
     </span>
     <span class='ocr_line' id='line_1_7' title="bbox 121 1063 1304 1154; baseline -0.005 -20"><span class='ocrx_word' id='word_1_44' title='bbox 121 1091 188 1134; x_wconf 90' lang='lat' dir='ltr'>nos</span> <span class='ocrx_word' id='word_1_45' title='bbox 225 1069 379 1133; x_wconf 86' lang='lat' dir='ltr'>admonet</span> <span class='ocrx_word' id='word_1_46' title='bbox 402 1068 522 1154; x_wconf 75' lang='lat' dir='ltr'>(Echio.</span> <span class='ocrx_word' id='word_1_47' title='bbox 548 1071 675 1135; x_wconf 91' lang='lat' dir='ltr'>Nicom.</span> <span class='ocrx_word' id='word_1_48' title='bbox 700 1069 748 1133; x_wconf 91' lang='lat' dir='ltr'>IV</span> <span class='ocrx_word' id='word_1_49' title='bbox 765 1070 807 1132; x_wconf 89' lang='grc'>14</span> <span class='ocrx_word' id='word_1_50' title='bbox 832 1091 862 1154; x_wconf 91' lang='lat' dir='ltr'>p.</span> <span class='ocrx_word' id='word_1_51' title='bbox 890 1070 1001 1134; x_wconf 78' lang='lat' dir='ltr'>1128a</span> <span class='ocrx_word' id='word_1_52' title='bbox 1027 1069 1096 1152; x_wconf 81' lang='lat'><strong>17):</strong></span> <span class='ocrx_word' id='word_1_53' title='bbox 1120 1068 1176 1130; x_wconf 66' lang='grc' dir='ltr'>ἰοῦ</span> <span class='ocrx_word' id='word_1_54' title='bbox 1204 1063 1304 1130; x_wconf 77' lang='grc' dir='ltr'><strong><em>δ’ἐπι-</em></strong></span> 
     </span>
     <span class='ocr_line' id='line_1_8' title="bbox 121 1172 1305 1259; baseline -0.002 -21"><span class='ocrx_word' id='word_1_55' title='bbox 121 1175 235 1250; x_wconf 75' lang='grc' dir='ltr'><em>δεξίου</em></span> <span class='ocrx_word' id='word_1_56' title='bbox 269 1176 335 1238; x_wconf 80' lang='grc' dir='ltr'><strong><em>ἐστὶ</em></strong></span> <span class='ocrx_word' id='word_1_57' title='bbox 370 1175 506 1238; x_wconf 73' lang='grc' dir='ltr'><strong><em>τοιαῦτα</em></strong></span> <span class='ocrx_word' id='word_1_58' title='bbox 529 1175 632 1253; x_wconf 78' lang='grc' dir='ltr'><strong><em>λέγειν</em></strong></span> <span class='ocrx_word' id='word_1_59' title='bbox 666 1177 717 1238; x_wconf 85' lang='grc' dir='ltr'>καὶ</span> <span class='ocrx_word' id='word_1_60' title='bbox 748 1172 882 1238; x_wconf 65' lang='grc' dir='ltr'><strong><em>ἀκούειν</em></strong></span> <span class='ocrx_word' id='word_1_61' title='bbox 916 1173 969 1237; x_wconf 78' lang='grc' dir='ltr'>οἷα</span> <span class='ocrx_word' id='word_1_62' title='bbox 1003 1175 1048 1259; x_wconf 80' lang='grc' dir='ltr'>τῷ</span> <span class='ocrx_word' id='word_1_63' title='bbox 1084 1175 1220 1238; x_wconf 75' lang='grc' dir='ltr'><strong><em>ἐπιεικεῖ</em></strong></span> <span class='ocrx_word' id='word_1_64' title='bbox 1253 1175 1305 1236; x_wconf 79' lang='grc' dir='ltr'>καὶ</span> 
     </span>
     <span class='ocr_line' id='line_1_9' title="bbox 119 1279 1307 1368; baseline -0.001 -23"><span class='ocrx_word' id='word_1_65' title='bbox 119 1283 299 1367; x_wconf 70' lang='grc' dir='ltr'><strong><em>ἐλευθερίῳ</em></strong></span> <span class='ocrx_word' id='word_1_66' title='bbox 324 1279 478 1364; x_wconf 77' lang='grc' dir='ltr'><em>ἁρμόττει</em></span> <span class='ocrx_word' id='word_1_67' title='bbox 506 1281 582 1365; x_wconf 68' lang='lat' dir='ltr'>acl,</span> <span class='ocrx_word' id='word_1_68' title='bbox 614 1306 645 1368; x_wconf 88' lang='lat' dir='ltr'>p.</span> <span class='ocrx_word' id='word_1_69' title='bbox 672 1284 784 1348; x_wconf 84' lang='lat' dir='ltr'>1128a</span> <span class='ocrx_word' id='word_1_70' title='bbox 808 1283 864 1348; x_wconf 82' lang='lat'>20:</span> <span class='ocrx_word' id='word_1_71' title='bbox 901 1283 955 1345; x_wconf 85' lang='grc' dir='ltr'>καὶ</span> <span class='ocrx_word' id='word_1_72' title='bbox 983 1281 1001 1364; x_wconf 81' lang='grc' dir='ltr'><em>ἡ</em></span> <span class='ocrx_word' id='word_1_73' title='bbox 1031 1282 1087 1345; x_wconf 78' lang='grc' dir='ltr'>τοῦ</span> <span class='ocrx_word' id='word_1_74' title='bbox 1121 1281 1307 1364; x_wconf 73' lang='grc' dir='ltr'><strong><em>ἐλευθερίου</em></strong></span> 
     </span>
     <span class='ocr_line' id='line_1_10' title="bbox 122 1387 1307 1474; baseline 0.001 -23"><span class='ocrx_word' id='word_1_75' title='bbox 122 1387 249 1451; x_wconf 82' lang='grc' dir='ltr'><strong><em>παιδιὰ</em></strong></span> <span class='ocrx_word' id='word_1_76' title='bbox 265 1388 411 1474; x_wconf 77' lang='grc' dir='ltr'><strong><em>διαφέρει</em></strong></span> <span class='ocrx_word' id='word_1_77' title='bbox 430 1390 490 1472; x_wconf 79' lang='grc' dir='ltr'>τῆς</span> <span class='ocrx_word' id='word_1_78' title='bbox 512 1389 568 1454; x_wconf 74' lang='grc' dir='ltr'>τοῦ</span> <span class='ocrx_word' id='word_1_79' title='bbox 595 1387 871 1474; x_wconf 82' lang='grc' dir='ltr'><strong><em>ἀνδραποδώδους</em></strong></span> <span class='ocrx_word' id='word_1_80' title='bbox 894 1388 959 1457; x_wconf 80' lang='grc' dir='ltr'>κτλ,</span> <span class='ocrx_word' id='word_1_81' title='bbox 996 1390 1171 1454; x_wconf 86' lang='lat' dir='ltr'>Praeterea</span> <span class='ocrx_word' id='word_1_82' title='bbox 1188 1388 1307 1452; x_wconf 85' lang='lat' dir='ltr'>similia</span> 
     </span>
     <span class='ocr_line' id='line_1_11' title="bbox 120 1495 1305 1583; baseline -0.001 -23"><span class='ocrx_word' id='word_1_83' title='bbox 120 1501 157 1560; x_wconf 94' lang='lat' dir='ltr'>in</span> <span class='ocrx_word' id='word_1_84' title='bbox 177 1507 247 1562; x_wconf 89' lang='lat' dir='ltr'>arte</span> <span class='ocrx_word' id='word_1_85' title='bbox 264 1500 393 1583; x_wconf 89' lang='lat' dir='ltr'>poetica</span> <span class='ocrx_word' id='word_1_86' title='bbox 410 1500 562 1582; x_wconf 85' lang='lat' dir='ltr'>exposite</span> <span class='ocrx_word' id='word_1_87' title='bbox 577 1497 682 1561; x_wconf 86' lang='lat' dir='ltr'>fuisse</span> <span class='ocrx_word' id='word_1_88' title='bbox 700 1497 873 1560; x_wconf 82' lang='lat' dir='ltr'>didicimus</span> <span class='ocrx_word' id='word_1_89' title='bbox 893 1519 936 1560; x_wconf 88' lang='lat' dir='ltr'>ex</span> <span class='ocrx_word' id='word_1_90' title='bbox 952 1495 1005 1560; x_wconf 90' lang='lat' dir='ltr'>illo</span> <span class='ocrx_word' id='word_1_91' title='bbox 1027 1498 1105 1560; x_wconf 87' lang='lat' dir='ltr'>artis</span> <span class='ocrx_word' id='word_1_92' title='bbox 1122 1497 1305 1562; x_wconf 81' lang='lat' dir='ltr'>rhetoricae</span> 
     </span>
     <span class='ocr_line' id='line_1_12' title="bbox 120 1599 1304 1689; baseline -0.002 -21"><span class='ocrx_word' id='word_1_93' title='bbox 120 1604 199 1669; x_wconf 90' lang='lat' dir='ltr'>loco</span> <span class='ocrx_word' id='word_1_94' title='bbox 225 1627 321 1689; x_wconf 88' lang='lat' dir='ltr'>quem</span> <span class='ocrx_word' id='word_1_95' title='bbox 346 1626 447 1689; x_wconf 88' lang='lat' dir='ltr'>supra</span> <span class='ocrx_word' id='word_1_96' title='bbox 471 1603 683 1687; x_wconf 75' lang='lat' dir='ltr'>attulimus‘2):</span> <span class='ocrx_word' id='word_1_97' title='bbox 708 1600 755 1667; x_wconf 78' lang='grc' dir='ltr'>ὧν</span> <span class='ocrx_word' id='word_1_98' title='bbox 778 1601 815 1666; x_wconf 78' lang='grc' dir='ltr'>τὸ</span> <span class='ocrx_word' id='word_1_99' title='bbox 840 1605 899 1683; x_wconf 85' lang='grc' dir='ltr'>μὲν</span> <span class='ocrx_word' id='word_1_100' title='bbox 923 1600 1073 1686; x_wconf 76' lang='grc' dir='ltr'><strong><em>ἁρμόττει</em></strong></span> <span class='ocrx_word' id='word_1_101' title='bbox 1088 1602 1249 1687; x_wconf 65' lang='grc' dir='ltr'>ἐλευθέρῳ</span> <span class='ocrx_word' id='word_1_102' title='bbox 1265 1599 1304 1666; x_wconf 79' lang='grc' dir='ltr'>τὸ</span> 
     </span>
     <span class='ocr_line' id='line_1_13' title="bbox 125 1708 1307 1797; baseline 0.001 -24"><span class='ocrx_word' id='word_1_103' title='bbox 125 1708 216 1791; x_wconf 72' lang='lat' dir='ltr'>d’ori3</span> <span class='ocrx_word' id='word_1_104' title='bbox 247 1709 367 1776; x_wconf 87' lang='lat' dir='ltr'>similia</span> <span class='ocrx_word' id='word_1_105' title='bbox 395 1714 492 1775; x_wconf 87' lang='lat' dir='ltr'>etiam</span> <span class='ocrx_word' id='word_1_106' title='bbox 523 1735 543 1776; x_wconf 90' lang='lat' dir='ltr'>a</span> <span class='ocrx_word' id='word_1_107' title='bbox 571 1712 798 1797; x_wconf 80' lang='lat' dir='ltr'>Peripateticis</span> <span class='ocrx_word' id='word_1_108' title='bbox 824 1713 975 1797; x_wconf 88' lang='lat' dir='ltr'>exposita</span> <span class='ocrx_word' id='word_1_109' title='bbox 1002 1709 1106 1775; x_wconf 76' lang='lat' dir='ltr'>fuisse</span> <span class='ocrx_word' id='word_1_110' title='bbox 1131 1711 1307 1776; x_wconf 84' lang='lat' dir='ltr'>didicimus</span> 
     </span>
     <span class='ocr_line' id='line_1_14' title="bbox 124 1817 630 1883; baseline -0.002 0"><span class='ocrx_word' id='word_1_111' title='bbox 124 1842 170 1883; x_wconf 85' lang='lat' dir='ltr'>ex</span> <span class='ocrx_word' id='word_1_112' title='bbox 193 1819 364 1883; x_wconf 85' lang='lat' dir='ltr'>Demetrio</span> <span class='ocrx_word' id='word_1_113' title='bbox 389 1827 422 1880; x_wconf 92' lang='lat' dir='ltr'>et</span> <span class='ocrx_word' id='word_1_114' title='bbox 445 1817 630 1882; x_wconf 80' lang='lat' dir='ltr'>Plutarcho.</span> 
     </span>
    </p>

    <p class='ocr_par' dir='ltr' id='par_1_3' title="bbox 123 1921 1306 2440">
     <span class='ocr_line' id='line_1_15' title="bbox 235 1921 1305 2011; baseline 0 -23"><span class='ocrx_word' id='word_1_115' title='bbox 235 1923 399 1988; x_wconf 84' lang='lat' dir='ltr'>Secuntur</span> <span class='ocrx_word' id='word_1_116' title='bbox 414 1924 503 2010; x_wconf 90' lang='lat' dir='ltr'>apud</span> <span class='ocrx_word' id='word_1_117' title='bbox 520 1924 715 1989; x_wconf 82' lang='lat' dir='ltr'>Ciceronem</span> <span class='ocrx_word' id='word_1_118' title='bbox 732 1925 828 1988; x_wconf 83' lang='lat' dir='ltr'>haec:</span> <span class='ocrx_word' id='word_1_119' title='bbox 853 1921 1005 2007; x_wconf 76' lang='lat' dir='ltr'>ttertium,</span> <span class='ocrx_word' id='word_1_120' title='bbox 1020 1929 1086 1988; x_wconf 88' lang='lat' dir='ltr'>oris</span> <span class='ocrx_word' id='word_1_121' title='bbox 1104 1926 1305 2011; x_wconf 84' lang='lat' dir='ltr'>depravatio,</span> 
     </span>
     <span class='ocr_line' id='line_1_16' title="bbox 123 2031 1305 2117; baseline 0 -21"><span class='ocrx_word' id='word_1_122' title='bbox 123 2054 195 2096; x_wconf 93' lang='lat' dir='ltr'>non</span> <span class='ocrx_word' id='word_1_123' title='bbox 224 2032 322 2116; x_wconf 82' lang='lat' dir='ltr'>digna</span> <span class='ocrx_word' id='word_1_124' title='bbox 350 2031 460 2114; x_wconf 73' lang='lat' dir='ltr'>nobis,</span> <span class='ocrx_word' id='word_1_125' title='bbox 491 2041 652 2117; x_wconf 89' lang='lat' dir='ltr'>quartum,</span> <span class='ocrx_word' id='word_1_126' title='bbox 682 2031 880 2110; x_wconf 83' lang='lat' dir='ltr'>obscenitas,</span> <span class='ocrx_word' id='word_1_127' title='bbox 916 2054 982 2096; x_wconf 93' lang='lat' dir='ltr'>non</span> <span class='ocrx_word' id='word_1_128' title='bbox 1010 2033 1108 2097; x_wconf 93' lang='lat' dir='ltr'>modo</span> <span class='ocrx_word' id='word_1_129' title='bbox 1144 2055 1209 2096; x_wconf 91' lang='lat' dir='ltr'>non</span> <span class='ocrx_word' id='word_1_130' title='bbox 1233 2032 1305 2096; x_wconf 89' lang='lat' dir='ltr'>foro</span> 
     </span>
     <span class='ocr_line' id='line_1_17' title="bbox 124 2135 1305 2224; baseline 0.001 -21"><span class='ocrx_word' id='word_1_131' title='bbox 124 2141 237 2224; x_wconf 85' lang='lat' dir='ltr'>digna,</span> <span class='ocrx_word' id='word_1_132' title='bbox 252 2139 313 2202; x_wconf 90' lang='lat' dir='ltr'>sed</span> <span class='ocrx_word' id='word_1_133' title='bbox 325 2141 381 2202; x_wconf 84' lang='lat' dir='ltr'>vix</span> <span class='ocrx_word' id='word_1_134' title='bbox 397 2141 549 2203; x_wconf 88' lang='lat' dir='ltr'>convivio</span> <span class='ocrx_word' id='word_1_135' title='bbox 565 2135 763 2203; x_wconf 80' lang='lat' dir='ltr'>liberorum&#39;.</span> <span class='ocrx_word' id='word_1_136' title='bbox 786 2141 861 2203; x_wconf 90' lang='lat' dir='ltr'>Hoc</span> <span class='ocrx_word' id='word_1_137' title='bbox 878 2142 1066 2203; x_wconf 87' lang='lat' dir='ltr'>convivium</span> <span class='ocrx_word' id='word_1_138' title='bbox 1082 2138 1258 2204; x_wconf 91' lang='lat' dir='ltr'>liberorum</span> <span class='ocrx_word' id='word_1_139' title='bbox 1268 2140 1305 2220; x_wconf 78' lang='grc'>3),</span> 
     </span>
     <span class='ocr_line' id='line_1_18' title="bbox 123 2244 1306 2332; baseline -0.001 -21"><span class='ocrx_word' id='word_1_140' title='bbox 123 2251 160 2311; x_wconf 92' lang='lat' dir='ltr'>in</span> <span class='ocrx_word' id='word_1_141' title='bbox 191 2269 255 2332; x_wconf 90' lang='lat' dir='ltr'>quc</span> <span class='ocrx_word' id='word_1_142' title='bbox 284 2246 381 2332; x_wconf 81' lang='lat' dir='ltr'>paulo</span> <span class='ocrx_word' id='word_1_143' title='bbox 417 2244 492 2332; x_wconf 88' lang='lat' dir='ltr'>plus</span> <span class='ocrx_word' id='word_1_144' title='bbox 521 2245 673 2310; x_wconf 81' lang='lat' dir='ltr'>licentiae</span> <span class='ocrx_word' id='word_1_145' title='bbox 702 2247 881 2310; x_wconf 88' lang='lat' dir='ltr'>admittitur</span> <span class='ocrx_word' id='word_1_146' title='bbox 906 2269 1003 2332; x_wconf 90' lang='lat' dir='ltr'>quam</span> <span class='ocrx_word' id='word_1_147' title='bbox 1037 2249 1071 2312; x_wconf 92' lang='lat' dir='ltr'>in</span> <span class='ocrx_word' id='word_1_148' title='bbox 1100 2247 1181 2328; x_wconf 89' lang='lat' dir='ltr'>foro,</span> <span class='ocrx_word' id='word_1_149' title='bbox 1208 2249 1306 2310; x_wconf 88' lang='lat' dir='ltr'>etiam</span> 
     </span>
     <span class='ocr_line' id='line_1_19' title="bbox 123 2351 830 2440; baseline 0.001 -23"><span class='ocrx_word' id='word_1_150' title='bbox 123 2353 216 2440; x_wconf 88' lang='lat' dir='ltr'>apud</span> <span class='ocrx_word' id='word_1_151' title='bbox 239 2353 446 2417; x_wconf 87' lang='lat' dir='ltr'>Demetrium</span> <span class='ocrx_word' id='word_1_152' title='bbox 470 2355 657 2417; x_wconf 83' lang='lat' dir='ltr'>invenimus</span> <span class='ocrx_word' id='word_1_153' title='bbox 683 2351 716 2439; x_wconf 70' lang='grc' dir='ltr'>(ξ</span> <span class='ocrx_word' id='word_1_154' title='bbox 743 2352 830 2437; x_wconf 83' lang='grc'><strong>170).</strong></span> 
     </span>
    </p>

    <p class='ocr_par' dir='ltr' id='par_1_4' title="bbox 122 2460 1367 3061">
     <span class='ocr_line' id='line_1_20' title="bbox 235 2460 1306 2546; baseline -0.001 -23"><span class='ocrx_word' id='word_1_155' title='bbox 235 2460 388 2546; x_wconf 90' lang='lat' dir='ltr'>Denique</span> <span class='ocrx_word' id='word_1_156' title='bbox 413 2462 586 2545; x_wconf 85' lang='lat' dir='ltr'>exponitur</span> <span class='ocrx_word' id='word_1_157' title='bbox 618 2471 780 2538; x_wconf 86' lang='lat' dir='ltr'>accurate,</span> <span class='ocrx_word' id='word_1_158' title='bbox 812 2461 892 2546; x_wconf 88' lang='lat' dir='ltr'>quid</span> <span class='ocrx_word' id='word_1_159' title='bbox 915 2463 1042 2524; x_wconf 85' lang='lat' dir='ltr'>intersit</span> <span class='ocrx_word' id='word_1_160' title='bbox 1069 2463 1155 2524; x_wconf 87' lang='lat' dir='ltr'>inter</span> <span class='ocrx_word' id='word_1_161' title='bbox 1183 2482 1306 2544; x_wconf 85' lang='lat' dir='ltr'>genera</span> 
     </span>
     <span class='ocr_line' id='line_1_21' title="bbox 122 2565 1304 2653; baseline -0.001 -22"><span class='ocrx_word' id='word_1_162' title='bbox 122 2567 258 2631; x_wconf 87' lang='lat' dir='ltr'>ridiculi</span> <span class='ocrx_word' id='word_1_163' title='bbox 281 2571 314 2631; x_wconf 94' lang='lat' dir='ltr'>in</span> <span class='ocrx_word' id='word_1_164' title='bbox 337 2589 373 2630; x_wconf 89' lang='lat' dir='ltr'>re</span> <span class='ocrx_word' id='word_1_165' title='bbox 398 2570 487 2631; x_wconf 88' lang='lat' dir='ltr'>etin</span> <span class='ocrx_word' id='word_1_166' title='bbox 508 2567 609 2631; x_wconf 89' lang='lat' dir='ltr'>verbo</span> <span class='ocrx_word' id='word_1_167' title='bbox 635 2570 756 2653; x_wconf 84' lang='lat' dir='ltr'>posita:</span> <span class='ocrx_word' id='word_1_168' title='bbox 780 2565 869 2631; x_wconf 79' lang='lat' dir='ltr'>‘nam</span> <span class='ocrx_word' id='word_1_169' title='bbox 894 2567 991 2653; x_wconf 91' lang='lat' dir='ltr'>quod,</span> <span class='ocrx_word' id='word_1_170' title='bbox 1016 2567 1304 2653; x_wconf 90' lang='lat' dir='ltr'>quibusquomque</span> 
     </span>
     <span class='ocr_line' id='line_1_22' title="bbox 123 2674 1304 2761; baseline 0 -23"><span class='ocrx_word' id='word_1_171' title='bbox 123 2674 239 2738; x_wconf 88' lang='lat' dir='ltr'>verbis</span> <span class='ocrx_word' id='word_1_172' title='bbox 258 2675 390 2756; x_wconf 85' lang='lat' dir='ltr'>dixeris,</span> <span class='ocrx_word' id='word_1_173' title='bbox 407 2675 551 2738; x_wconf 86' lang='lat' dir='ltr'>facetum</span> <span class='ocrx_word' id='word_1_174' title='bbox 567 2684 677 2739; x_wconf 88' lang='lat' dir='ltr'>tamen</span> <span class='ocrx_word' id='word_1_175' title='bbox 704 2686 763 2755; x_wconf 88' lang='lat' dir='ltr'>est,</span> <span class='ocrx_word' id='word_1_176' title='bbox 788 2697 824 2738; x_wconf 91' lang='lat' dir='ltr'>re</span> <span class='ocrx_word' id='word_1_177' title='bbox 842 2677 1041 2757; x_wconf 83' lang='lat' dir='ltr'>continetur3</span> <span class='ocrx_word' id='word_1_178' title='bbox 1064 2675 1151 2761; x_wconf 91' lang='lat' dir='ltr'>quod</span> <span class='ocrx_word' id='word_1_179' title='bbox 1173 2677 1304 2738; x_wconf 84' lang='lat' dir='ltr'>mutatis</span> 
     </span>
     <span class='ocr_line' id='line_1_23' title="bbox 123 2779 1367 2867; baseline 0 -21"><span class='ocrx_word' id='word_1_180' title='bbox 123 2781 238 2846; x_wconf 87' lang='lat' dir='ltr'>verbis</span> <span class='ocrx_word' id='word_1_181' title='bbox 263 2781 366 2845; x_wconf 91' lang='lat' dir='ltr'>salem</span> <span class='ocrx_word' id='word_1_182' title='bbox 384 2784 508 2864; x_wconf 88' lang='lat' dir='ltr'>amittit,</span> <span class='ocrx_word' id='word_1_183' title='bbox 533 2783 567 2845; x_wconf 95' lang='lat' dir='ltr'>in</span> <span class='ocrx_word' id='word_1_184' title='bbox 584 2782 694 2846; x_wconf 87' lang='lat' dir='ltr'>verbis</span> <span class='ocrx_word' id='word_1_185' title='bbox 712 2781 812 2845; x_wconf 88' lang='lat' dir='ltr'>habet</span> <span class='ocrx_word' id='word_1_186' title='bbox 827 2781 972 2867; x_wconf 87' lang='lat' dir='ltr'>leporem</span> <span class='ocrx_word' id='word_1_187' title='bbox 989 2779 1140 2846; x_wconf 89' lang='lat' dir='ltr'>omncm&#39;.</span> <span class='ocrx_word' id='word_1_188' title='bbox 1176 2782 1302 2846; x_wconf 81' lang='lat' dir='ltr'>Eodem</span> <span class='ocrx_word' id='word_1_189' title='bbox 1363 2850 1367 2856; x_wconf 66' lang='grc'><strong>,</strong></span> 
     </span>
     <span class='ocr_line' id='line_1_24' title="bbox 124 2888 1304 2975; baseline 0.001 -23"><span class='ocrx_word' id='word_1_190' title='bbox 124 2891 227 2973; x_wconf 86' lang='lat' dir='ltr'>igitur</span> <span class='ocrx_word' id='word_1_191' title='bbox 243 2889 341 2954; x_wconf 93' lang='lat' dir='ltr'>modo</span> <span class='ocrx_word' id='word_1_192' title='bbox 358 2889 511 2953; x_wconf 87' lang='lat' dir='ltr'>differunt</span> <span class='ocrx_word' id='word_1_193' title='bbox 527 2888 608 2952; x_wconf 85' lang='lat' dir='ltr'>haec</span> <span class='ocrx_word' id='word_1_194' title='bbox 624 2911 748 2973; x_wconf 87' lang='lat' dir='ltr'>genera</span> <span class='ocrx_word' id='word_1_195' title='bbox 773 2911 837 2975; x_wconf 89' lang='lat' dir='ltr'>quo</span> <span class='ocrx_word' id='word_1_196' title='bbox 855 2888 1011 2954; x_wconf 85' lang='lat' dir='ltr'>differunt</span> <span class='ocrx_word' id='word_1_197' title='bbox 1025 2891 1110 2953; x_wconf 87' lang='lat' dir='ltr'>inter</span> <span class='ocrx_word' id='word_1_198' title='bbox 1127 2911 1163 2954; x_wconf 88' lang='lat' dir='ltr'>se</span> <span class='ocrx_word' id='word_1_199' title='bbox 1179 2890 1304 2974; x_wconf 84' lang='lat' dir='ltr'>figurae</span> 
     </span>
     <span class='ocr_line' id='line_1_25' title="bbox 125 2996 630 3061; baseline 0 -1"><span class='ocrx_word' id='word_1_200' title='bbox 125 2999 366 3060; x_wconf 91' lang='lat' dir='ltr'>sententiarum</span> <span class='ocrx_word' id='word_1_201' title='bbox 391 3007 423 3060; x_wconf 91' lang='lat' dir='ltr'>et</span> <span class='ocrx_word' id='word_1_202' title='bbox 445 2996 630 3061; x_wconf 90' lang='lat' dir='ltr'>verborum.</span> 
     </span>
    </p>

    <p class='ocr_par' dir='ltr' id='par_1_5' title="bbox 121 3102 1306 4054">
     <span class='ocr_line' id='line_1_26' title="bbox 235 3102 1304 3190; baseline 0 -24"><span class='ocrx_word' id='word_1_203' title='bbox 235 3103 309 3167; x_wconf 85' lang='lat' dir='ltr'>Jam</span> <span class='ocrx_word' id='word_1_204' title='bbox 334 3106 482 3189; x_wconf 86' lang='lat' dir='ltr'>sequitur</span> <span class='ocrx_word' id='word_1_205' title='bbox 506 3107 706 3168; x_wconf 89' lang='lat' dir='ltr'>enumeratio</span> <span class='ocrx_word' id='word_1_206' title='bbox 730 3106 878 3190; x_wconf 88' lang='lat' dir='ltr'>ipsorum</span> <span class='ocrx_word' id='word_1_207' title='bbox 898 3126 1068 3188; x_wconf 87' lang='lat' dir='ltr'>generum,</span> <span class='ocrx_word' id='word_1_208' title='bbox 1093 3105 1126 3166; x_wconf 90' lang='lat' dir='ltr'>in</span> <span class='ocrx_word' id='word_1_209' title='bbox 1151 3127 1215 3190; x_wconf 89' lang='lat' dir='ltr'>qua</span> <span class='ocrx_word' id='word_1_210' title='bbox 1238 3102 1304 3167; x_wconf 89' lang='lat' dir='ltr'>noli</span> 
     </span>
     <span class='ocr_line' id='line_1_27' title="bbox 126 3209 1304 3297; baseline 0 -23"><span class='ocrx_word' id='word_1_211' title='bbox 126 3212 239 3274; x_wconf 88' lang='lat' dir='ltr'>mirari</span> <span class='ocrx_word' id='word_1_212' title='bbox 263 3213 290 3274; x_wconf 92' lang='lat' dir='ltr'>si</span> <span class='ocrx_word' id='word_1_213' title='bbox 315 3209 506 3297; x_wconf 86' lang='lat' dir='ltr'>ampliorem</span> <span class='ocrx_word' id='word_1_214' title='bbox 530 3214 732 3297; x_wconf 89' lang='lat' dir='ltr'>reperiemus</span> <span class='ocrx_word' id='word_1_215' title='bbox 757 3213 926 3275; x_wconf 90' lang='lat' dir='ltr'>materiam</span> <span class='ocrx_word' id='word_1_216' title='bbox 956 3233 1052 3296; x_wconf 89' lang='lat' dir='ltr'>quam</span> <span class='ocrx_word' id='word_1_217' title='bbox 1081 3214 1115 3273; x_wconf 93' lang='lat' dir='ltr'>in</span> <span class='ocrx_word' id='word_1_218' title='bbox 1139 3213 1304 3296; x_wconf 88' lang='lat' dir='ltr'>excerptis</span> 
     </span>
     <span class='ocr_line' id='line_1_28' title="bbox 126 3306 1305 3404; baseline -0.001 -22"><span class='ocrx_word' id='word_1_219' title='bbox 126 3316 339 3382; x_wconf 83' lang='lat' dir='ltr'>Coislinianis</span> <span class='ocrx_word' id='word_1_220' title='bbox 364 3329 396 3380; x_wconf 90' lang='lat' dir='ltr'>et</span> <span class='ocrx_word' id='word_1_221' title='bbox 419 3318 506 3404; x_wconf 84' lang='lat' dir='ltr'>apud</span> <span class='ocrx_word' id='word_1_222' title='bbox 535 3306 758 3400; x_wconf 65' lang='lat' dir='ltr'>Demetrium,</span> <span class='ocrx_word' id='word_1_223' title='bbox 783 3317 839 3381; x_wconf 88' lang='lat' dir='ltr'>illa</span> <span class='ocrx_word' id='word_1_224' title='bbox 867 3320 954 3382; x_wconf 88' lang='lat' dir='ltr'>enim</span> <span class='ocrx_word' id='word_1_225' title='bbox 978 3329 1134 3404; x_wconf 86' lang='lat' dir='ltr'>excerpta</span> <span class='ocrx_word' id='word_1_226' title='bbox 1168 3328 1252 3394; x_wconf 91' lang='lat' dir='ltr'>sunt,</span> <span class='ocrx_word' id='word_1_227' title='bbox 1285 3340 1305 3381; x_wconf 88' lang='lat' dir='ltr'>a</span> 
     </span>
     <span class='ocr_line' id='line_1_29' title="bbox 126 3424 1306 3511; baseline -0.001 -22"><span class='ocrx_word' id='word_1_228' title='bbox 126 3424 290 3489; x_wconf 81' lang='lat' dir='ltr'>Cicerone</span> <span class='ocrx_word' id='word_1_229' title='bbox 314 3426 517 3490; x_wconf 87' lang='lat' dir='ltr'>omniafere</span> <span class='ocrx_word' id='word_1_230' title='bbox 540 3448 665 3511; x_wconf 85' lang='lat' dir='ltr'>genera</span> <span class='ocrx_word' id='word_1_231' title='bbox 685 3424 925 3489; x_wconf 88' lang='lat' dir='ltr'>describuntur.</span> <span class='ocrx_word' id='word_1_232' title='bbox 965 3426 1090 3489; x_wconf 85' lang='lat' dir='ltr'>Tamen</span> <span class='ocrx_word' id='word_1_233' title='bbox 1115 3448 1179 3489; x_wconf 93' lang='lat' dir='ltr'>non</span> <span class='ocrx_word' id='word_1_234' title='bbox 1204 3425 1306 3488; x_wconf 87' lang='lat' dir='ltr'>multa</span> 
     </span>
     <span class='ocr_line' id='line_1_30' title="bbox 126 3530 1306 3618; baseline -0.001 -22"><span class='ocrx_word' id='word_1_235' title='bbox 126 3555 147 3595; x_wconf 88' lang='lat' dir='ltr'>a</span> <span class='ocrx_word' id='word_1_236' title='bbox 164 3530 325 3596; x_wconf 83' lang='lat' dir='ltr'>Cicerone</span> <span class='ocrx_word' id='word_1_237' title='bbox 349 3533 478 3596; x_wconf 89' lang='lat' dir='ltr'>adiecta</span> <span class='ocrx_word' id='word_1_238' title='bbox 502 3543 587 3615; x_wconf 87' lang='lat' dir='ltr'>sunt,</span> <span class='ocrx_word' id='word_1_239' title='bbox 612 3535 711 3596; x_wconf 90' lang='lat' dir='ltr'>immo</span> <span class='ocrx_word' id='word_1_240' title='bbox 729 3533 864 3597; x_wconf 89' lang='lat' dir='ltr'>dubium</span> <span class='ocrx_word' id='word_1_241' title='bbox 888 3555 954 3598; x_wconf 92' lang='lat' dir='ltr'>non</span> <span class='ocrx_word' id='word_1_242' title='bbox 979 3543 1038 3614; x_wconf 92' lang='lat' dir='ltr'>est,</span> <span class='ocrx_word' id='word_1_243' title='bbox 1064 3534 1141 3618; x_wconf 91' lang='lat' dir='ltr'>quin</span> <span class='ocrx_word' id='word_1_244' title='bbox 1166 3533 1306 3618; x_wconf 84' lang='lat' dir='ltr'>plurima</span> 
     </span>
     <span class='ocr_line' id='line_1_31' title="bbox 126 3637 1304 3726; baseline 0 -24"><span class='ocrx_word' id='word_1_245' title='bbox 126 3637 249 3702; x_wconf 84' lang='lat' dir='ltr'>debeat</span> <span class='ocrx_word' id='word_1_246' title='bbox 272 3639 422 3721; x_wconf 82' lang='lat' dir='ltr'>Graecis,</span> <span class='ocrx_word' id='word_1_247' title='bbox 450 3643 643 3725; x_wconf 85' lang='lat' dir='ltr'>praesertim</span> <span class='ocrx_word' id='word_1_248' title='bbox 680 3663 755 3704; x_wconf 92' lang='lat' dir='ltr'>cum</span> <span class='ocrx_word' id='word_1_249' title='bbox 791 3643 861 3726; x_wconf 90' lang='lat' dir='ltr'>ipse</span> <span class='ocrx_word' id='word_1_250' title='bbox 898 3640 930 3704; x_wconf 93' lang='lat' dir='ltr'>id</span> <span class='ocrx_word' id='word_1_251' title='bbox 959 3639 1152 3704; x_wconf 88' lang='lat' dir='ltr'>confiteatur</span> <span class='ocrx_word' id='word_1_252' title='bbox 1180 3639 1198 3724; x_wconf 63' lang='grc' dir='ltr'>ξ</span> <span class='ocrx_word' id='word_1_253' title='bbox 1223 3640 1304 3704; x_wconf 73' lang='lat'>288:</span> 
     </span>
     <span class='ocr_line' id='line_1_32' title="bbox 124 3743 1304 3830; baseline 0.001 -22"><span class='ocrx_word' id='word_1_254' title='bbox 124 3743 337 3830; x_wconf 79' lang='lat' dir='ltr'>‘colliguntur</span> <span class='ocrx_word' id='word_1_255' title='bbox 353 3769 372 3810; x_wconf 90' lang='lat' dir='ltr'>a</span> <span class='ocrx_word' id='word_1_256' title='bbox 390 3745 528 3811; x_wconf 78' lang='lat' dir='ltr'>Graecis</span> <span class='ocrx_word' id='word_1_257' title='bbox 545 3746 608 3811; x_wconf 87' lang='lat' dir='ltr'>alia</span> <span class='ocrx_word' id='word_1_258' title='bbox 624 3747 790 3829; x_wconf 90' lang='lat' dir='ltr'>nonnulla,</span> <span class='ocrx_word' id='word_1_259' title='bbox 808 3749 1054 3812; x_wconf 85' lang='lat' dir='ltr'>exsecrationes</span> <span class='ocrx_word' id='word_1_260' title='bbox 1071 3747 1304 3810; x_wconf 84' lang='lat' dir='ltr'>admirationes</span> 
     </span>
     <span class='ocr_line' id='line_1_33' title="bbox 121 3851 1305 3939; baseline 0.001 -24"><span class='ocrx_word' id='word_1_261' title='bbox 121 3854 333 3918; x_wconf 83' lang='lat' dir='ltr'>minationes.</span> <span class='ocrx_word' id='word_1_262' title='bbox 382 3851 448 3918; x_wconf 86' lang='lat' dir='ltr'>Sed</span> <span class='ocrx_word' id='word_1_263' title='bbox 464 3854 546 3918; x_wconf 90' lang='lat' dir='ltr'>haec</span> <span class='ocrx_word' id='word_1_264' title='bbox 570 3855 643 3939; x_wconf 87' lang='lat' dir='ltr'>ipsa</span> <span class='ocrx_word' id='word_1_265' title='bbox 657 3857 755 3918; x_wconf 91' lang='lat' dir='ltr'>nimis</span> <span class='ocrx_word' id='word_1_266' title='bbox 780 3854 857 3918; x_wconf 91' lang='lat' dir='ltr'>mihi</span> <span class='ocrx_word' id='word_1_267' title='bbox 873 3854 989 3918; x_wconf 89' lang='lat' dir='ltr'>videor</span> <span class='ocrx_word' id='word_1_268' title='bbox 1012 3857 1045 3919; x_wconf 93' lang='lat' dir='ltr'>in</span> <span class='ocrx_word' id='word_1_269' title='bbox 1066 3853 1166 3918; x_wconf 90' lang='lat' dir='ltr'>multa</span> <span class='ocrx_word' id='word_1_270' title='bbox 1181 3876 1305 3938; x_wconf 86' lang='lat' dir='ltr'>genera</span> 
     </span>
     <span class='ocr_line' id='line_1_34' title="bbox 127 3960 1302 4054; baseline 0.001 -31"><span class='ocrx_word' id='word_1_271' title='bbox 127 3960 356 4054; x_wconf 81' lang='lat' dir='ltr'>discripsisse&#39;.</span> <span class='ocrx_word' id='word_1_272' title='bbox 404 3960 566 4047; x_wconf 81' lang='lat' dir='ltr'>Exempla</span> <span class='ocrx_word' id='word_1_273' title='bbox 590 3970 715 4025; x_wconf 84' lang='lat' dir='ltr'>tantum</span> <span class='ocrx_word' id='word_1_274' title='bbox 740 3984 781 4025; x_wconf 91' lang='lat' dir='ltr'>ex</span> <span class='ocrx_word' id='word_1_275' title='bbox 796 3963 921 4026; x_wconf 88' lang='lat' dir='ltr'>Latinis</span> <span class='ocrx_word' id='word_1_276' title='bbox 938 3962 1054 4026; x_wconf 90' lang='lat' dir='ltr'>litteris</span> <span class='ocrx_word' id='word_1_277' title='bbox 1070 3970 1201 4046; x_wconf 85' lang='lat' dir='ltr'>sumpta</span> <span class='ocrx_word' id='word_1_278' title='bbox 1217 3970 1302 4024; x_wconf 92' lang='lat' dir='ltr'>sunt.</span> 
     </span>
    </p>
   </div>
   <div class='ocr_carea' id='block_1_3' title="bbox 126 4135 1304 4383">
    <p class='ocr_par' dir='ltr' id='par_1_6' title="bbox 126 4135 1304 4383">
     <span class='ocr_line' id='line_1_35' title="bbox 238 4135 1304 4203; baseline -0.002 -13"><span class='ocrx_word' id='word_1_279' title='bbox 238 4137 257 4203; x_wconf 90' lang='lat'>¹)</span> <span class='ocrx_word' id='word_1_280' title='bbox 273 4135 353 4190; x_wconf 88' lang='lat' dir='ltr'>‘Hier</span> <span class='ocrx_word' id='word_1_281' title='bbox 371 4137 424 4189; x_wconf 87' lang='lat' dir='ltr'>hat</span> <span class='ocrx_word' id='word_1_282' title='bbox 442 4135 538 4190; x_wconf 75' lang='lat' dir='ltr'>(licere</span> <span class='ocrx_word' id='word_1_283' title='bbox 558 4136 603 4188; x_wconf 87' lang='lat' dir='ltr'>die</span> <span class='ocrx_word' id='word_1_284' title='bbox 617 4136 873 4190; x_wconf 86' lang='lat' dir='ltr'>vornehmlichsten</span> <span class='ocrx_word' id='word_1_285' title='bbox 890 4136 1140 4192; x_wconf 82' lang='lat' dir='ltr'>Charaktervollcn</span> <span class='ocrx_word' id='word_1_286' title='bbox 1159 4136 1188 4189; x_wconf 92' lang='lat' dir='ltr'>in</span> <span class='ocrx_word' id='word_1_287' title='bbox 1201 4136 1304 4189; x_wconf 89' lang='lat' dir='ltr'>Mimus</span> 
     </span>
     <span class='ocr_line' id='line_1_36' title="bbox 126 4224 1304 4294; baseline 0 -16"><span class='ocrx_word' id='word_1_288' title='bbox 126 4225 185 4278; x_wconf 92' lang='lat' dir='ltr'>und</span> <span class='ocrx_word' id='word_1_289' title='bbox 199 4224 327 4278; x_wconf 80' lang='lat' dir='ltr'>Atellano</span> <span class='ocrx_word' id='word_1_290' title='bbox 347 4226 397 4278; x_wconf 87' lang='lat' dir='ltr'>mit</span> <span class='ocrx_word' id='word_1_291' title='bbox 409 4224 601 4286; x_wconf 84' lang='lat' dir='ltr'>Kennerblick</span> <span class='ocrx_word' id='word_1_292' title='bbox 612 4224 857 4293; x_wconf 81' lang='lat' dir='ltr'>herausgegriffen&#39;</span> <span class='ocrx_word' id='word_1_293' title='bbox 875 4225 983 4293; x_wconf 70' lang='lat' dir='ltr'>(Reich,</span> <span class='ocrx_word' id='word_1_294' title='bbox 1003 4227 1053 4278; x_wconf 87' lang='lat' dir='ltr'>der</span> <span class='ocrx_word' id='word_1_295' title='bbox 1066 4225 1167 4278; x_wconf 88' lang='lat' dir='ltr'>Mimus</span> <span class='ocrx_word' id='word_1_296' title='bbox 1180 4225 1232 4294; x_wconf 83' lang='lat' dir='ltr'>lp.</span> <span class='ocrx_word' id='word_1_297' title='bbox 1249 4225 1304 4290; x_wconf 76' lang='grc'><strong>66).</strong></span> 
     </span>
     <span class='ocr_line' id='line_1_37' title="bbox 236 4313 712 4383; baseline 0 -17"><span class='ocrx_word' id='word_1_298' title='bbox 236 4313 257 4378; x_wconf 79' lang='lat' dir='ltr'>’J</span> <span class='ocrx_word' id='word_1_299' title='bbox 276 4333 303 4383; x_wconf 88' lang='lat' dir='ltr'>p.</span> <span class='ocrx_word' id='word_1_300' title='bbox 324 4314 416 4368; x_wconf 77' lang='lat' dir='ltr'>1419b</span> <span class='ocrx_word' id='word_1_301' title='bbox 437 4317 460 4378; x_wconf 79' lang='lat' dir='ltr'>l,</span> <span class='ocrx_word' id='word_1_302' title='bbox 481 4313 516 4369; x_wconf 85' lang='lat' dir='ltr'>cf.</span> <span class='ocrx_word' id='word_1_303' title='bbox 536 4331 622 4383; x_wconf 81' lang='lat' dir='ltr'>supra</span> <span class='ocrx_word' id='word_1_304' title='bbox 639 4332 667 4383; x_wconf 92' lang='lat' dir='ltr'>p.</span> <span class='ocrx_word' id='word_1_305' title='bbox 687 4314 712 4367; x_wconf 88' lang='lat'>3.</span> 
     </span>
    </p>
   </div>
   <div class='ocr_carea' id='block_1_4' title="bbox 237 4403 846 4472">
    <p class='ocr_par' dir='ltr' id='par_1_7' title="bbox 237 4403 846 4472">
     <span class='ocr_line' id='line_1_38' title="bbox 237 4403 846 4472; baseline -0.008 -13"><span class='ocrx_word' id='word_1_306' title='bbox 237 4403 257 4459; x_wconf 66' lang='lat'>³·</span> <span class='ocrx_word' id='word_1_307' title='bbox 277 4403 311 4457; x_wconf 81' lang='lat' dir='ltr'>cf.</span> <span class='ocrx_word' id='word_1_308' title='bbox 332 4405 367 4456; x_wconf 89' lang='lat' dir='ltr'>de</span> <span class='ocrx_word' id='word_1_309' title='bbox 386 4403 432 4458; x_wconf 88' lang='lat' dir='ltr'>off.</span> <span class='ocrx_word' id='word_1_310' title='bbox 452 4403 465 4456; x_wconf 89' lang='grc' dir='ltr'>Ι</span> <span class='ocrx_word' id='word_1_311' title='bbox 483 4404 500 4456; x_wconf 95' lang='lat' dir='ltr'>l.</span> <span class='ocrx_word' id='word_1_312' title='bbox 520 4421 552 4472; x_wconf 85' lang='lat' dir='ltr'>c,</span> <span class='ocrx_word' id='word_1_313' title='bbox 572 4406 721 4472; x_wconf 85' lang='lat' dir='ltr'>praeterea</span> <span class='ocrx_word' id='word_1_314' title='bbox 739 4403 846 4463; x_wconf 77' lang='lat'>40.144.</span> 
     </span>
    </p>
   </div>
   <div class='ocr_carea' id='block_1_5' title="bbox 0 0 1633 5082">
    <p class='ocr_par' dir='ltr' id='par_1_8' title="bbox 0 0 1633 5082">
     <span class='ocr_line' id='line_1_39' title="bbox 0 0 1633 5082; baseline 0 0"><span class='ocrx_word' id='word_1_315' title='bbox 0 0 1633 5082; x_wconf 95' lang='lat' dir='ltr'> </span> 
     </span>
    </p>
   </div>
  </div>
 </body>
</html>
