3252 5082
613 409 811 472 ..9-

125 587 182 652 illo
205 587 289 652 libro
317 588 514 673 profluxisse
546 588 773 652 demonstrare
793 586 936 651 studuit.
985 586 1087 652 Cuius
1128 586 1191 649 viri
1227 608 1300 648 sen-

124 697 262 759 tentiam
295 707 551 782 argumentaque
579 717 675 758 nemo
706 691 861 781 quantum
891 693 959 756 scio
987 693 1151 774 refutavit,
1187 681 1301 757 omncs

125 801 365 887 probaverunt3
401 825 475 865 nam
511 803 596 865 inter
629 801 813 885 fragmenta
847 803 926 864 artis
961 802 1110 887 poeticae
1146 800 1303 886 recipitur

126 919 286 973 tractatus
323 911 356 1000 in
381 908 588 972 editionibus.
635 909 684 972 Ne
720 907 891 972 Kaibelius
928 908 1070 992 quidem,
1108 909 1163 993 qui
1197 929 1303 992 nuper

126 1018 315 1081 accuratius
348 1026 448 1080 totam
483 1037 551 1079 rem
587 1017 780 1097 tractavit1),
813 1017 937 1101 apertis
972 1013 1084 1078 verbis
1119 1013 1302 1100 Bernaysio

128 1124 272 1203 obsistit;
296 1125 397 1187 immo
422 1125 492 1208 ipse
509 1144 640 1208 quoque
664 1123 790 1186 semina
812 1121 911 1185 buius
929 1121 1095 1185 doctrinae
1120 1121 1160 1184 ab
1180 1121 1301 1184 Aristo-

126 1229 192 1294 tele
216 1232 317 1316 petita
351 1252 426 1294 esse
451 1239 574 1294 censet.
622 1230 666 1293 At
689 1251 754 1292 non
790 1251 832 1292 ex
865 1230 971 1313 1psius
1000 1227 1190 1291 Aristotelis
1219 1226 1302 1290 libro

127 1339 213 1402 haec
229 1337 377 1402 derivata
401 1359 476 1401 esse
494 1336 678 1412 arbitratur,
703 1335 762 1399 sed
788 1358 829 1399 ex
845 1335 985 1398 historia
1005 1335 1145 1420 quadam
1162 1356 1303 1420 poeseos

128 1447 315 1527 scaenicae,
347 1467 390 1508 ex
414 1465 478 1529 qua
506 1445 615 1508 omnia
645 1465 684 1507 ea
709 1465 792 1528 quae
821 1464 839 1505 e
869 1441 1004 1506 scholiis
1029 1443 1253 1528 Dionysianis,
1286 1463 1303 1504 e

128 1554 272 1616 Tzetzae
298 1550 639 1631 commentationibus,
671 1572 688 1612 e
712 1551 999 1634 grammaticorum
1028 1549 1069 1613 de
1098 1547 1304 1634 poematibus

128 1659 262 1743 collegit
285 1658 476 1722 tractatibus
500 1657 637 1722 fluxisse
654 1660 781 1744 putatl).
828 1655 882 1720 Me
907 1656 1040 1741 quidem
1065 1656 1120 1720 diu
1136 1655 1306 1719 dubitasse·

128 1764 298 1846 confiteor,
324 1787 400 1828 num
425 1765 467 1828 ad
483 1763 692 1829 Aristotelem
717 1763 771 1827 ille
796 1761 965 1846 catalogus
985 1762 1181 1826 referendus
1206 1770 1303 1825 esset.

130 1872 299 1949 Dubitari,
326 1872 414 1957 quod
431 1873 606 1956 Bernaysii
630 1880 821 1955 argumenta
844 1869 923 1933 mibi
949 1868 1104 1933 sufficere
1127 1892 1193 1933 non
1215 1868 1305 1932 vide-

130 1981 266 2060 bantur,
303 1980 362 2043 sed
394 2001 469 2043 cum
493 1980 678 2042 accuratius
703 1975 891 2041 Aristotelis
924 1979 1102 2062 genuinam
1126 1976 1306 2040 doctrinam

130 2088 412 2173 comparavissem
435 2087 600 2170 totiusque
628 2084 796 2148 doctrinae
819 2085 962 2168 vestigia
984 2106 1090 2169 usque
1115 2083 1156 2146 ad
1180 2082 1306 2162 Quinti-

130 2193 253 2257 lianum
278 2203 472 2278 persecutus
497 2215 617 2274 essem,
647 2191 793 2257 intellexi
816 2214 851 2255 re
876 2213 955 2255 vera
979 2192 1077 2254 etiam
1100 2192 1134 2254 in
1159 2189 1307 2275 catalogo

130 2299 187 2364 illo
213 2299 395 2364 doctrinam
418 2298 662 2363 Aristotelicam
687 2298 835 2363 subesse.
883 2297 1018 2362 Minime
1042 2307 1151 2361 autem
1176 2299 1308 2361 contenss

131 2408 236 2471 derim
269 2429 353 2486 eum,
379 2409 434 2490 qui
459 2409 625 2492 excerpsit
659 2417 691 2469 et
720 2409 903 2491 composuit
934 2414 1091 2469 tractatus
1117 2403 1307 2469 Coisliniani

129 2523 252 2600 partes,
277 2513 476 2578 Aristotelici
500 2513 577 2577 libri
600 2511 768 2598 exemplar
791 2512 834 2576 ad
856 2535 990 2577 manum
1015 2511 1181 2575 habuisse.
1224 2510 1307 2576 Cum

130 2620 285 2684 Kaibelio
326 2621 403 2684 mihi
438 2643 548 2707 pugna
587 2643 653 2684 non
692 2621 766 2694 erit3
808 2619 960 2706 equidem
1000 2617 1196 2682 examinabo
1236 2640 1308 2681 eam

132 2739 260 2813 partem
283 2737 450 2813 tractatus,
474 2751 558 2813 quae
583 2729 726 2792 continet
748 2725 879 2790 ridiculi
902 2725 1004 2808 locos,
1032 2747 1071 2788 ac
1096 2727 1125 2788 si
1147 2724 1308 2788 Aristote-

129 2835 195 2900 lica
212 2858 288 2899 esse
304 2835 477 2917 videbitur,
502 2835 722 2899 iudicabimus
740 2857 782 2898 ex
798 2833 976 2898 Aristotele
994 2856 1065 2897 eam
1089 2834 1123 2897 in
1140 2832 1309 2896 historiam

131 2941 220 3006 illam
246 2964 385 3027 poeseos
409 2963 508 3026 quam
532 2944 643 3006 statuit
668 2941 838 3010 Kaibelius
862 2942 1068 3027 pervenisse.
1113 2940 1166 3003 De
1192 2941 1309 3004 ceteris

132 3059 292 3114 tractatus
309 3049 456 3135 partibus
480 3060 556 3135 post
571 3049 757 3113 Kaibelium
774 3048 929 3112 iudicium
947 3048 1096 3134 proferre
1119 3070 1185 3111 non
1202 3069 1311 3111 meum

131 3166 197 3240 est3
222 3157 285 3220 hoo
303 3166 431 3221 constat
447 3156 614 3221 doctrinae
632 3178 716 3242 quae
732 3155 779 3220 ibi
795 3154 959 3241 protertur
974 3154 1039 3219 alia
1060 3177 1135 3218 esse
1153 3164 1311 3240 excerpta

133 3287 177 3327 ex
200 3262 389 3345 Aristotele,
425 3263 489 3327 alia
523 3263 600 3327 ficta
634 3263 677 3328 ad
706 3262 952 3326 similitudinem
989 3262 1155 3326 doctrinae
1184 3259 1310 3324 Aristo-

133 3370 260 3435 telioae.
302 3370 493 3456 Catalogum
512 3394 611 3457 quam
626 3371 821 3435 brevissime
837 3369 1107 3455 percensebimus
1132 3391 1171 3432 ea
1187 3377 1311 3432 tantum

134 3478 341 3564 proferentes
359 3500 443 3564 quae
461 3479 662 3565 Bernaysius
680 3479 789 3543 omisit
812 3480 991 3541 autminus
1008 3487 1099 3540 recte
1116 3477 1312 3562 exposuisse

137 3585 232 3650 nobis
258 3585 395 3650 videtur.
443 3586 727 3650 Praemonendum
752 3593 802 3648 est
825 3584 913 3649 hunc
938 3583 1120 3668 catalogum
1146 3585 1312 3648 continere

135 3715 260 3777 genera
276 3692 498 3775 ridiculorum,
517 3716 600 3779 quae
619 3715 759 3756 scaenae
776 3694 851 3756 usui
864 3701 950 3774 sunt,
968 3714 1033 3757 non
1051 3713 1175 3772 eorum,
1194 3689 1314 3776 quibus

139 3809 247 3863 orator
270 3802 377 3863 utitur.

250 4014 269 4074 1)
291 4013 342 4066 Die
361 4011 566 4081 Prolegomena
584 4018 643 4082 περὶ
661 4009 807 4078 κωμῳδίας,
826 4012 855 4064 in
869 4010 1152 4066 commentationibus
1171 4009 1314 4064 societatis

141 4100 267 4170 Gottiug.
289 4099 356 4153 1897
376 4101 429 4154 vol.
448 4099 521 4170 114,
540 4119 567 4169 p.
587 4101 622 4153 53
632 4117 691 4168 sqq.

176 4205 179 4214 ·
248 4191 269 4253 ²)
288 4189 347 4254 Quo
367 4191 402 4243 de
431 4189 509 4243 fonte
533 4190 573 4242 sio
601 4189 707 4244 iudicat
736 4192 764 4248 tl.
784 4207 806 4243 c.
826 4208 853 4258 p.
873 4189 930 4250 53lz
956 4188 1025 4242 ‘Das
1051 4186 1314 4241 charakteristische

144 4279 337 4333 Kennzeicben
361 4279 452 4332 dieser
480 4279 689 4347 gemeinsamen
709 4278 806 4343 Quelle
834 4280 880 4348 ist,
910 4279 973 4332 dass
1002 4277 1041 4331 sie
1064 4276 1115 4330 auf
1140 4275 1314 4330 Aristoteles’

144 4368 241 4423 Poetilr
269 4368 385 4422 fussend
414 4368 459 4421 die
485 4367 576 4423 Lehre
605 4369 653 4421 des
681 4368 811 4421 Meisters
839 4367 906 4420 bald
934 4385 967 4419 zu
995 4367 1155 4424 erweitern,
1187 4365 1255 4420 bald
1283 4383 1314 4417 zu

145 4459 280 4514 variteren
300 4459 368 4512 oder
386 4477 419 4511 zu
438 4457 750 4526 korrigierenbemirht
768 4456 820 4510 iat?
