3252 5082
615 356 812 424 -5-

121 536 205 620 ἡμῖν
233 535 330 620 αὕτη·
366 535 403 598 το
432 556 495 618 γαρ
522 531 710 624 μανθάνειν
733 532 851 618 ῥᾳδίως
879 531 939 617 ἡδί
973 530 1071 618 φύσει
1095 535 1197 596 πᾶσιν
1223 535 1298 624 &aad

123 647 380 708 Demonstratur
405 639 524 707 deinde
553 640 741 706 facillimam
767 644 986 726 cognitionem
1010 663 1120 706 rerum
1143 621 1215 731 heri
1238 665 1301 735 upp

122 751 338 840 metaphorae
364 749 467 832 (1410
484 749 503 812 λι
525 750 592 833 13),
612 759 784 834 praeterea
800 749 1021 813 adhibendam
1038 771 1113 814 esse
1131 744 1301 812 ἀντίθεσιν

123 856 273 940 (14101)
298 839 364 942 29),
390 839 584 920 sementiam
608 866 716 920 autem
740 878 848 942 neque
877 859 974 920 nimia
999 856 1168 940 vulgarem
1192 879 1299 948 neque

123 965 299 1029 obscuram
324 986 399 1032 esse
417 963 553 1046 debere3
579 961 660 1025 haec
684 965 745 1026 tria
761 964 860 1047 igitur
884 964 1070 1049 appetenda
1094 985 1184 1028 esse:
1208 985 1300 1052 ⁹⁶10?ss

122 1068 232 1156 φοράν
266 1068 438 1133 ἀντίθεσιν
471 1069 634 1154 ἐνέργειαν
657 1070 758 1154 11410
783 1071 802 1134 b
827 1056 893 1151 35).
941 1055 1096 1134 Proxima
1131 1080 1223 1156 parte
1260 1070 1299 1162 de

121 1179 302 1264 generibus
324 1177 538 1262 metaphorae
559 1175 693 1240 uberius
719 1177 851 1241 disserit
866 1177 1073 1258 Aristotelea,
1098 1201 1136 1240 ac
1160 1179 1301 1266 primum

123 1287 166 1352 de
183 1309 233 1367 ea,
258 1308 344 1370 quae
361 1285 398 1348 iit
412 1280 481 1344 κατ’
499 1279 689 1365 ἀναλογίαν,
707 1294 740 1348 et
756 1284 797 1348 de
813 1284 955 1369 ἐνεργείᾳ
972 1281 1024 1348 vel
1049 1283 1089 1348 de
1107 1283 1298 1372 subiciendp

123 1392 229 1458 oculis
256 1388 331 1477 (πρά
362 1387 520 1471 ὀμμάτων
551 1390 679 1475 ποιεῖν).
728 1389 821 1469 Quae
846 1391 954 1456 omnia
989 1391 1031 1455 ad
1058 1394 1168 1476 ipsum
1197 1393 1299 1479 risum

122 1523 241 1586 parum
265 1501 439 1584 pertinent,
464 1521 503 1561 ac
521 1519 719 1583 quamquam
743 1519 784 1561 ne
809 1520 847 1562 ea
873 1499 1003 1583 quidem
1027 1496 1109 1562 nihil
1133 1498 1244 1563 valere
1267 1502 1299 1576 in

121 1617 236 1670 nostra
264 1608 400 1670 materia
429 1604 626 1686 videbimu8‚
662 1615 771 1668 tamen
798 1626 882 1690 quae
907 1615 1064 1669 secuntur
1092 1607 1124 1668 in
1152 1605 1299 1670 ridiculis

121 1713 231 1778 locum
256 1713 376 1777 habere
393 1711 522 1776 facilius
547 1709 763 1795 intellegetur.
810 1711 893 1775 Nam
917 1713 995 1776 inde
1019 1735 1083 1796 ap.
1110 1714 1195 1777 1412
1217 1713 1299 1777 a18

121 1821 157 1884 id
179 1843 287 1906 genus
312 1821 504 1884 facetiarum
528 1828 645 1882 tractat
669 1816 894 1904 philosophum
926 1823 979 1884 cui
1004 1842 1117 1886 omnes
1141 1820 1211 1884 fere
1234 1819 1299 1886 loci

121 1928 255 1993 ridiculi
290 1927 445 2012 subiungi
479 1935 633 2012 possunt,
669 1921 707 1986 τὸ
745 1926 999 2010 προσεξαπατᾶν
1034 1927 1202 2013 (decipere
1232 1931 1298 2014 opi-

122 2039 255 2100 nionem
290 2032 522 2114 audientium);
559 2032 785 2118 metaphoram
817 2035 904 2096 enim
929 2055 1000 2097 eam
1025 2036 1232 2120 potissimum
1256 2034 1297 2100 ob

122 2164 258 2208 causam
284 2132 441 2206 urbanam
466 2163 541 2204 esse
567 2140 654 2220 dicit,
682 2140 770 2224 quod
795 2138 891 2204 simul
927 2143 1114 2227 opinionem
1140 2141 1298 2227 decipiat:

231 2252 318 2312 ἔστιν
342 2247 451 2310 δὲκαὶ
475 2244 515 2308 τά
541 2242 657 2308 ἀστεία
680 2243 720 2307 τά
738 2245 874 2308 πλείστα
898 2245 953 2308 διά
980 2249 1168 2332 μεταφοράς
1190 2249 1241 2309 καί
1265 2247 1299 2311 ἓν

122 2357 182 2420 τοῦ
201 2355 463 2437 προσεξαπατάν.
488 2351 615 2433 μᾶλλον
637 2349 699 2438 γάρ
722 2354 863 2431 γίγνεται
887 2352 988 2436 δῆλον
1012 2352 1064 2416 ὅτι
1080 2357 1187 2435 ἔμαθε
1209 2354 1299 2436 παρὰ

122 2461 162 2527 ad
189 2464 342 2534 ἐναντίως
365 2465 459 2544 ἔχειν,
485 2463 537 2523 καί
566 2463 668 2524 ἔοικεν
696 2456 841 2543 λέγεινὴ
872 2457 960 2546 ψυχή
986 2457 1040 2533 ’ὠς
1063 2457 1207 2544 ἀληθῶς,
1236 2461 1293 2539 ε’γά

122 2571 161 2633 δὲ
184 2567 347 2654 ἥμαρτονῖ
1285 2555 1287 2559 ¹

231 2677 474 2741 Enumerantur
490 2687 599 2740 autem
616 2676 678 2739 bae
703 2680 844 2762 speciae,
870 2699 952 2762 quas
978 2699 1050 2740 cum
1074 2677 1159 2740 infra
1182 2688 1299 2740 tracta-

46 2811 50 2820 ·
124 2788 189 2849 turi
213 2787 315 2848 aimus
341 2782 494 2868 colligere
520 2785 600 2847 satis
624 2783 745 2847 habeo:

234 2911 267 2992 1)
292 2909 377 2973 1412
395 2931 414 2972 a
431 2909 471 2974 21
497 2907 548 2968 καὶ
574 2908 640 2970 τῶν
656 2904 931 2991 ἀποφθεγμάτων
955 2906 993 2969 δὲ
1016 2906 1056 2968 τά
1075 2905 1190 2970 άστεϊά
1214 2908 1299 2970 έοτιν

122 3021 158 3081 εἰι
181 3016 238 3078 τοῦ
266 3012 308 3097 μή
335 3013 353 3076 ὅ
376 3031 455 3098 φησι
477 3013 590 3092 λέγειν.

231 3122 263 3208 2)
290 3123 375 3186 1412
400 3145 420 3184 a
443 3123 485 3186 23
509 3121 560 3182 καὶ
589 3119 626 3182 τά
650 3119 686 3182 εὖ
711 3117 864 3207 Ιᾐνιγμένα
888 3120 945 3183 διά
968 3119 1006 3184 τὸ
1033 3118 1115 3184 οιάτὸ
1139 3119 1232 3204 ἡδέα.
1296 3195 1298 3200 ,

233 3230 269 3310 3)
295 3230 380 3293 1412
405 3252 425 3292 a
448 3228 491 3292 25
526 3229 579 3290 καὶ
608 3226 625 3290 ὃ
656 3226 739 3305 λέγει
763 3225 945 3310 Θεόδωρος,
981 3225 1017 3290 τὸ
1055 3225 1151 3291 καινά
1185 3229 1297 3307 λέγειν.

122 3342 266 3417 γίγνεται
290 3334 327 3397 δὲ
351 3333 433 3400 ὅταν
455 3332 645 3417 παράδοξον
668 3333 697 3423 ᾗ,
726 3336 780 3396 καὶ
803 3333 859 3417 μή,
888 3339 930 3407 ως
952 3335 1071 3409 ἐκεῖνος
1094 3335 1186 3420 λέγει,
1216 3334 1299 3421 πρὸς

123 3442 185 3529 τήν
201 3446 391 3525 ἔμπροσθεν
414 3439 529 3521 δόξαν,
553 3438 624 3504 ἀλλ’
641 3438 752 3526 οἵσπερ
775 3443 806 3504 oi
827 3442 863 3504 έν
886 3452 952 3514 τοϊς
973 3441 1106 3520 γελοίοις
1128 3438 1170 3504 τά
1193 3465 1296 3526 παρα-

123 3554 337 3634 πεποιημένα,
363 3547 445 3632 ὅπερ
469 3545 609 3611 δύναται

233 3657 264 3744 4)
288 3657 340 3718 καὶ
364 3654 405 3719 τά
427 3653 518 3741 παρά
541 3654 670 3738 γράμμα
695 3654 886 3738 σκώμματα·
919 3657 1068 3737 ἐξαπατᾷ
1090 3654 1190 3743 γάρῙ),

231 3763 265 3851 5)
293 3766 376 3828 1412
394 3788 413 3828 a
430 3765 472 3828 29
496 3764 547 3824 καί
565 3763 600 3825 ἕν
615 3774 681 3836 τοῖς
696 3767 832 3848 μέτροις·
858 3761 895 3826 od
912 3760 976 3849 γάρ
996 3762 1105 3848 ὥσπερ
1130 3760 1147 3825 ὁ
1173 3760 1298 3826 ἀκούων

127 3870 290 3951 ὑπέλαβεν
313 3870 376 3936 κτλ.

232 3977 265 4062 6)
293 3979 377 4042 1412
402 3977 422 4040 b
447 3980 467 4040 4
491 3973 578 4039 odoro
614 3976 651 4039 δὲ
682 3978 733 4038 καὶ
767 3974 833 4062 ab)
867 3975 992 4058 durata,
1028 3975 1096 4040 οίον
1123 3975 1160 4040 τὸ
1192 3973 1298 4061 φάναι

234 4231 240 4256 ¹
273 4227 308 4281 cf.
328 4228 402 4280 infra
419 4230 436 4281 l.
456 4227 499 4283 33.

233 4230 253 4386 ί)
273 4317 464 4386 Hayduckius,
488 4333 552 4370 cum
575 4317 722 4388 insereret¹
736 4314 767 4367 δι’
792 4317 946 4382 ὁμωνυμίαν
968 4315 1103 4386 λεγόμενα,
1126 4315 1297 4369 sententiam

127 4409 201 4458 recte
220 4406 376 4474 supplevit;
397 4423 467 4474 quae
487 4407 574 4460 verba
593 4414 689 4460 tamen
707 4422 763 4458 non
782 4405 915 4468 inneram;
935 4405 970 4458 of.
989 4404 1062 4458 infra
1080 4403 1099 4457 l.
1120 4405 1161 4459 11.
