3252 5082
818 384 1040 447 ..34-

342 563 458 627 borum
482 563 659 647 generibus
683 585 748 626 non
772 565 909 648 ponitur
925 573 1022 648 atque
1048 565 1119 626 sine
1144 561 1242 627 dubio
1268 573 1442 646 cognatum
1467 573 1521 626 est

341 673 381 733 iis
407 672 547 754 quaein
576 668 676 732 rebus
700 678 881 733 tractantur
914 668 990 732 inde
1015 692 1034 732 a
1059 668 1077 753 ξ
1102 669 1181 750 2733
1217 679 1363 732 ceterum
1399 668 1518 732 Cicero

342 780 413 862 ipse
437 776 537 840 adicit
559 780 579 855 ὅ
604 776 683 839 26οε
707 771 801 840 ‘hacc
818 787 874 838 aut
896 775 1015 860 frigida
1032 786 1108 840 sunt
1130 787 1185 839 aut
1208 785 1277 838 tum
1295 774 1392 856 salsa,
1418 798 1517 860 quom

343 882 431 946 aliud
456 892 507 946 est
530 878 758 968 expectatum’.

451 987 570 1054 Omnia
594 998 702 1052 autem
738 988 820 1052 haec
855 1011 979 1071 genera
1015 1011 1099 1073 quae
1135 989 1228 1052 affert
1263 987 1379 1052 Cicero
1415 1010 1517 1050 unum

342 1094 567 1182 complectitur
591 1095 780 1159 Aristotelis
811 1094 1021 1160 vocabulum:
1048 1097 1340 1178 παραπεποιημένα
1364 1095 1456 1178 (rhet.
1482 1117 1515 1178 p.

344 1203 430 1266 1412
454 1224 474 1265 a
497 1202 564 1286 27.)

446 1305 634 1372 ‘Immutata
659 1304 781 1384 oratio’,
818 1331 901 1393 quae
926 1310 1072 1393 sequitur
1097 1308 1115 1392 ξ
1140 1309 1213 1384 261,
1239 1307 1441 1372 Graecorum
1465 1315 1517 1369 est

342 1413 528 1498 ἀλληγορίας
548 1415 735 1501 exemplum
752 1414 885 1480 allatum
901 1439 921 1478 a
933 1415 1093 1480 Cicerone
1110 1411 1171 1500 (ut
1186 1425 1367 1478 sementem
1383 1414 1514 1486 feceris

339 1524 387 1586 ita
411 1523 536 1602 metes’)
561 1524 624 1585 iam
649 1522 689 1585 ab
714 1522 892 1586 Aristotele
916 1521 988 1586 loco
1014 1521 1178 1588 simillimo
1202 1522 1335 1585 affertur
1358 1520 1402 1606 (p.
1431 1520 1517 1584 1406

341 1629 361 1692 b
386 1629 434 1712 9):
459 1625 498 1690 cd
525 1627 561 1689 δὲ
585 1628 692 1688 ταῦτα
708 1628 847 1711 αἰσχρῶς
869 1631 1018 1709 ἔσπειρας
1033 1629 1139 1700 κακῶς
1162 1625 1199 1688 δὲ
1219 1627 1377 1709 ἐθέρισας.
1409 1625 1517 1690 Voca-

342 1735 450 1799 bolum
475 1732 659 1818 ἀλληγορία,
698 1736 785 1820 quod
814 1735 855 1798 ab
879 1734 1056 1799 Aristotele
1087 1756 1153 1800 non
1177 1745 1363 1820 usurpatur,
1399 1732 1519 1817 legitur

341 1843 429 1928 apud
453 1842 659 1906 Demetrium
684 1843 702 1927 ξ
729 1843 830 1926 151¹).

449 1949 603 2034 Sequitur
647 1949 833 2030 translatio,
881 1972 965 2034 quae
1011 1952 1084 2035 ipsa
1126 1972 1257 2034 quoque
1292 1971 1311 2012 a
1345 1949 1517 2012 Demetrio

342 2058 477 2121 affertur
505 2057 536 2141 (ξ
563 2057 651 2139 142),
687 2056 728 2119 ab
754 2056 929 2120 Aristotele
966 2066 1072 2120 autem
1109 2056 1271 2122 uberrime
1306 2054 1516 2120 tractabatur.

340 2165 448 2228 Etiam
478 2164 653 2228 verborum
690 2163 834 2227 inversio
871 2165 1019 2248 (ironiam
1056 2164 1168 2228 dicunt
1201 2164 1350 2227 rhetores
1387 2172 1422 2225 ut
1456 2184 1518 2224 nos

341 2269 462 2354 hodie),
488 2281 663 2356 quactum
688 2282 854 2350 tractatur,
880 2271 987 2356 aliquo
1011 2271 1109 2335 modo
1132 2267 1305 2353 ἀλληγορία
1328 2279 1396 2350 est,
1422 2270 1518 2331 cuius

340 2380 387 2440 rei
412 2388 529 2441 testem
558 2377 663 2442 habeo
690 2377 936 2457 Quintilianum,
971 2381 1027 2462 qui
1050 2399 1167 2442 vocem
1192 2375 1356 2442 Graecam
1388 2378 1436 2439 sic
1461 2398 1518 2438 ex-

339 2485 439 2570 plicat
463 2485 568 2574 (VIII,
586 2487 616 2566 6,
641 2487 718 2568 44);
754 2482 945 2567 (ἀλληγορία,
983 2509 1080 2570 quam
1111 2486 1329 2549 inversionem
1360 2486 1518 2566 interpre-

339 2601 456 2674 tantur,
498 2602 552 2654 aut
587 2591 676 2655 aliud
711 2593 832 2670 verbis
872 2592 961 2656 aliud
996 2615 1099 2656 sensu
1134 2592 1285 2672 ostendit,
1326 2602 1381 2654 aut
1420 2591 1519 2652 etiam

340 2700 468 2762 interim
505 2695 722 2761 contrarium.
783 2700 963 2784 Utramque
1001 2699 1193 2779 Quintiliani
1229 2700 1378 2784 speciem.
1414 2694 1518 2758 habes

341 2805 429 2890 apud
454 2805 659 2879 Ciceronem,
685 2808 740 2888 qui
764 2805 900 2868 alteram
922 2805 1065 2892 appellat
1089 2806 1356 2884 immutationem,
1380 2801 1519 2865 alteram

340 2911 598 2996 inversionem2).

447 3019 511 3098 Qui
534 3029 643 3082 autem
668 3042 749 3090 voce
775 3019 984 3084 Aristotelica
1008 3043 1047 3082 ea
1070 3043 1202 3104 genera,
1228 3041 1310 3104 quae
1335 3025 1517 3080 tractantur

243 3175 244 3178 ,
340 3127 376 3207 ἐξ
401 3126 535 3212 261)62,
562 3127 841 3212 comprehendere
866 3128 985 3203 studet,
1011 3127 1038 3190 is
1063 3138 1118 3191 aut
1138 3127 1329 3212 metaphora
1353 3123 1515 3187 vocabulo

341 3235 388 3296 uti
402 3233 559 3318 cogitur3)
576 3245 631 3296 aut
647 3256 686 3297 ea
702 3257 794 3316 voce,
814 3258 897 3319 quae
916 3235 1003 3320 apud
1020 3234 1231 3298 Aristolelem
1249 3255 1363 3297 omnes
1379 3225 1514 3316 ‘tropos'

339 3345 554 3426 posteriorum
591 3346 785 3429 scriptorum
821 3344 1068 3428 comprehendit
1090 3364 1240 3429 quaeque
1265 3351 1372 3405 exstat
1394 3342 1427 3402 in
1450 3349 1514 3402 tra-

340 3458 427 3512 ctatu
452 3447 654 3516 Ooisliniano
678 3473 716 3516 eo
749 3454 953 3537 potissimum
978 3452 1061 3533 loco,
1087 3473 1248 3536 quoeam
1271 3449 1514 3514 desideramus:

340 3553 520 3638 ἐξαλλαγήν
545 3558 628 3622 dico.

406 3671 409 3678 '
447 3661 605 3728 Ordinem
629 3689 787 3749 generum
812 3668 844 3728 in
870 3666 971 3730 verbo
1001 3667 1179 3750 positorum
1205 3664 1326 3728 claudit
1349 3663 1516 3734 ἀντίθεσις

340 3768 456 3850 (verba
484 3770 587 3834 relata
615 3775 775 3837 contrarie
801 3774 887 3853 263).
937 3771 1088 3851 Quocum
1118 3796 1240 3858 genere
1265 3781 1439 3857 cognatum
1464 3781 1517 3834 est

339 3876 498 3940 Demetrii
524 3877 603 3942 illud
627 3880 644 3961 ξ
670 3881 734 3943 154
758 3878 860 3963 (κῶλα
887 3877 1039 3963 ὅμοια)4);
1064 3877 1235 3942 ἀντίθεσιν
1259 3883 1362 3966 ipsam
1388 3878 1515 3942 Aristo-

339 3982 422 4046 teles
456 3986 489 4047 in
519 4008 655 4049 numero
690 4008 848 4069 generum
886 3998 1097 4051 venustorum
1122 3987 1221 4050 habet
1254 3987 1334 4050 rhet.
1360 4009 1389 4070 p.
1429 3985 1517 4049 1410

448 4162 467 4226 1)
488 4161 522 4213 cf.
543 4178 627 4229 supra
644 4181 671 4230 p.
693 4162 734 4214 19.

446 4251 466 4314 ¹²)
485 4251 579 4303 Ironia
598 4252 756 4306 accuratius
775 4255 914 4308 tractatur
933 4271 949 4306 a
969 4253 1138 4317 Quintiliano
1157 4255 1173 4307 l.
1195 4271 1216 4307 c.
1239 4254 1254 4323 ξ
1274 4255 1309 4306 64
1319 4271 1377 4320 sqq.

447 4341 466 4401 ”l
488 4341 522 4394 cf.
543 4340 647 4407 Cicero,
668 4337 770 4396 Orator
789 4348 804 4408 ξ
824 4343 867 4396 94.

445 4430 466 4494 ⁴)
486 4429 520 4482 cf.
541 4449 624 4498 supra
643 4450 670 4500 p.
690 4432 731 4484 20.
