3252 5082
773 372 991 442 ..56-

293 553 370 616 novi
393 549 475 616 nibil
496 553 592 620 inest.
632 550 740 630 Atque
766 550 854 614 diota
877 549 1036 636 pleraque
1060 547 1231 615 Ciceronis
1257 559 1344 635 sunt,
1368 573 1474 616 unum

295 657 368 722 Afn·
392 656 479 744 (54),
496 675 597 723 unum
622 665 795 744 praeterea
818 656 860 722 ad
883 657 1027 741 Augusti
1050 665 1192 722 aetatem
1219 658 1361 743 pertinet
1391 657 1472 743 (5⁵2).

400 763 494 844 Quae
531 787 607 828 cum
641 767 687 830 ita
722 765 798 846 sint,
834 772 984 849 apertum
1019 785 1094 828 esse
1122 771 1201 849 puto
1231 762 1483 843 Quintilianum,

293 870 422 956 longius
447 870 566 936 abesse
596 870 636 934 ab
666 870 730 935 illis
745 870 900 948 ⁸Graecis
929 869 1132 953 tractatibus,
1163 892 1302 957 quorum
1330 874 1475 955 vestigia

295 977 380 1062 apud
405 975 600 1046 Ciceronem
624 1000 866 1065 recognoscere
889 976 986 1042 nobis
1010 979 1076 1042 visi
1100 1000 1225 1042 sumus.
1470 967 1474 972 ’

401 1084 455 1150 Ad
493 1084 629 1150 alteram
667 1094 793 1170 partem
830 1085 849 1169 ξ
885 1084 927 1148 57
963 1084 1203 1168 transgreditur
1238 1086 1380 1171 scriptor
1420 1084 1474 1148 his

294 1192 420 1256 verbis:
447 1193 584 1256 ‘sonora
607 1194 705 1278 igitur
729 1204 806 1255 sunt
830 1201 861 1255 et
890 1191 1092 1276 elegantiora
1119 1213 1205 1277 quae
1232 1177 1405 1256 trabuntur
1429 1213 1475 1255 ex

292 1301 325 1360 vi
359 1297 486 1382 rerum',
524 1321 563 1362 ac
598 1308 666 1362 tum·
699 1300 805 1383 primo
840 1297 913 1362 1000
946 1300 1078 1362 tractari
1121 1296 1368 1362 similitudinem
1405 1321 1477 1362 non

295 1407 413 1469 mirum
437 1415 497 1488 est,
523 1406 611 1492 quod
628 1406 846 1471 narrationem
864 1405 961 1490 plane
980 1404 1121 1469 absolvit
1136 1405 1174 1487 ἐξ
1191 1405 1335 1493 39-44.
1372 1405 1475 1486 Quod

293 1522 401 1577 autem
418 1512 497 1576 dicit
512 1513 654 1578 maxime
671 1512 781 1576 valere
799 1511 1056 1593 similitudinem,
1077 1515 1106 1576 si
1123 1512 1176 1576 ‘ad
1192 1511 1315 1598 aliquid
1331 1511 1474 1589 inferius

295 1613 467 1706 leviusque
492 1617 673 1700 referatur',
699 1630 810 1705 aperte
836 1621 983 1703 sequitur
1008 1617 1204 1683 Ciceronem
1228 1619 1337 1703 (266):
1363 1618 1475 1682 ‘valde

297 1735 404 1791 autem
433 1727 581 1792 ridentur
601 1728 708 1790 'etiam
736 1727 909 1810 imagines,
946 1747 1031 1811 quae
1059 1725 1130 1789 fere
1158 1728 1193 1790 in
1226 1723 1475 1790 deformitatem

294 1844 349 1897 ant
385 1835 420 1898 in
456 1833 587 1919 aliquod
622 1835 735 1897 vitium
773 1835 920 1917 corporis
957 1832 1121 1897 ducuntur
1151 1855 1226 1897 cum
1258 1831 1475 1897 similitudine

293 1941 468 2025 turpioris'.
1474 2013 1480 2018 .

243 2041 244 2044 ¹
402 2047 455 2112 De
480 2047 691 2112 similitudine
715 2047 810 2133 plura
827 2046 959 2111 disserit
981 2045 1201 2126 Quintilianus
1227 2069 1325 2132 quam
1342 2046 1475 2128 Cicero,

293 2155 385 2218 velut
398 2158 518 2241 repetit
534 2177 581 2236 ea,
608 2177 692 2240 quae
709 2153 792 2218 libro
808 2154 839 2216 V
857 2155 910 2235 11,
927 2153 980 2234 23,
997 2153 1053 2218 ubi
1071 2155 1177 2238 agitur
1193 2153 1234 2217 de
1257 2153 1476 2218 similitudine

293 2264 324 2328 in
355 2262 527 2347 exemplis,
560 2262 655 2326 dixit:
692 2284 757 2326 000
788 2261 885 2325 modo
916 2260 958 2324 ab
988 2260 1187 2339 hominibus,
1217 2261 1278 2325 sed
1306 2263 1404 2326 etiam
1429 2261 1487 2332 ab,

295 2368 490 2434 animalibus
513 2368 590 2434 duoi
606 2369 846 2434 similitudines.
885 2368 982 2449 Quod
1007 2378 1115 2433 autem
1141 2368 1300 2432 discernit
1323 2369 1476 2433 similitu-

298 2477 412 2540 dinem*
429 2474 539 2562 palam
568 2476 747 2541 adhibitam
780 2486 812 2540 et
842 2474 1020 2562 parabolae
1048 2477 1205 2539 insertam
1243 2474 1319 2562 (59),
1355 2498 1476 2540 rursus

296 2585 444 2668 sequitur
468 2583 754 2669 Ciceronemqui
778 2584 796 2666 ξ
821 2582 886 2647 265
912 2582 1007 2646 dicit:
1044 2584 1107 2645 ‘est
1134 2584 1229 2647 etiam
1256 2605 1299 2646 ex
1323 2582 1476 2647 similitu-

298 2691 383 2772 dine,
398 2713 493 2777 ‘quae
518 2700 574 2755 aut
598 2691 817 2755 conlationem
842 2690 942 2754 habet
964 2701 1021 2754 aut
1049 2698 1207 2774 tanquam
1237 2689 1475 2773 imaginem’1),

399 2797 511 2861 Multis
528 2798 647 2862 deinde
664 2797 825 2884 exemplis
842 2797 924 2861 baec
939 2820 1018 2882 pars
1035 2796 1265 2882 disputationis
1281 2783 1485 2878 illustratur,

296 2928 334 2967 ao
359 2906 491 2969 minime
516 2905 650 2968 dubium
673 2913 733 2985 est,
759 2907 838 2989 quin
862 2927 904 2968 ex
929 2902 1123 2968 collectione
1148 2904 1290 2989 quadam
1308 2904 1477 2968 dictorum

296 3021 424 3097 sumpta
460 3015 533 3076 sint.
581 3013 625 3076 At
654 3035 717 3076 non
745 3014 816 3076 sine
841 3008 954 3075 ordine
978 3011 1200 3096 proferuntur,
1225 3010 1286 3074 sed
1310 3010 1487 3096 disposita,

296 3129 371 3182 sunt
394 3119 576 3183 seeundum
602 3130 866 3204 argumentorum
891 3118 997 3199 locos3
1025 3117 1113 3203 quod
1129 3128 1266 3204 apparet
1283 3128 1476 3204 comparata

296 3226 315 3310 ξ
341 3226 391 3308 10,
417 3227 459 3290 73
483 3225 558 3290 libri
582 3226 611 3302 5,
635 3226 692 3290 ubi
717 3229 842 3311 primus
866 3225 960 3290 locus
985 3235 1036 3289 est
1060 3247 1102 3288 ex
1126 3224 1299 3307 similibus,
1324 3224 1404 3288 alter
1430 3249 1476 3290 ex

296 3331 519 3417 dissimilibus,
535 3336 652 3398 tertius
667 3356 709 3397 ex
721 3335 903 3414 contrariis,
917 3355 1002 3418 quae
1016 3331 1069 3396 hic
1083 3331 1280 3395 exhibentur
1292 3331 1474 3419 §560sqq„

295 3439 348 3515 63,
365 3439 418 3504 64.
453 3441 569 3519 Fictis,
587 3463 672 3525 quae
690 3449 965 3504 commemoratur
981 3439 999 3523 ξ
1017 3440 1070 3521 61,
1088 3440 1122 3503 10
1137 3437 1193 3503 illa
1211 3439 1251 3503 de
1267 3443 1475 3524 argumentis

298 3545 518 3633 disputatione
557 3556 715 3611 tractatur
753 3546 772 3631 ξ
808 3547 850 3611 95
891 3569 963 3632 sqq,
1026 3547 1055 3610 A
1096 3547 1308 3612 similitudine
1346 3568 1475 3631 genere

296 3652 511 3720 Ciceroniano
540 3656 709 3741 profectus
742 3654 963 3735 Quintilianus
999 3677 1104 3740 paene
1138 3657 1260 3718 invitus
1296 3654 1338 3718 ad
1374 3676 1475 3740 argu-

294 3771 476 3827 mentorum
499 3760 592 3826 10000
616 3765 811 3848 pervenisse
830 3762 967 3834 videtur,
992 3785 1033 3826 ac
1050 3783 1123 3834 ,000
1137 3763 1171 3826 10
1188 3760 1381 3826 collectione
1406 3783 1475 3847 qua.

294 3871 395 3933 utitur
406 3868 494 3933 dicta
507 3870 689 3934 secundum
705 3879 897 3954 argumenta
909 3868 1069 3954 disposita
1079 3869 1192 3948 baisse,
1202 3868 1263 3932 sed
1275 3870 1473 3954 scriptorem

294 3978 403 4059 ipsum
438 3978 482 4055 ita
518 3975 672 4040 divisisse
707 3998 904 4061 persuasum
939 3974 1056 4040 habeo,
1109 3974 1347 4055 Quintilianum
1381 3979 1474 4040 enim

296 4104 430 4168 operam
446 4082 580 4147 dedisse
596 4092 684 4169 puto,
702 4093 737 4160 ut
754 4083 996 4147 demonstraret
1012 4083 1099 4147 dicta
1114 4081 1263 4170 ridicula,
1283 4084 1323 4146 ‘si
1336 4082 1473 4168 paulum

295 4189 441 4254 adhibita
464 4192 589 4255 ratione
612 4190 823 4276 fingerentur’
853 4189 886 4274 (ξ
913 4191 967 4274 16)
991 4190 1033 4254 ad
1058 4192 1326 4258 exercitationem
1352 4189 1475 4255 idonea

401 4334 421 4398 1)
443 4331 599 4385 Parabolen
624 4330 792 4384 aCicerone
816 4331 908 4385 vocari
934 4330 1108 4383 collationem
1136 4332 1257 4384 testatur
1283 4329 1474 4394 Quintilianus

295 4419 316 4470 V
338 4421 422 4484 10:23.
