3252 5082
600 401 818 464 ,35-

116 581 141 644 b
167 582 209 644 29
240 581 296 664 (cf.
324 580 408 644 1412
433 578 453 641 b
479 578 535 664 23)
559 578 579 659 l.
627 579 742 642 Statim
771 588 880 640 autem
905 577 1126 640 reminiscaris
1155 596 1296 639 necesse

116 699 172 752 cst
194 684 363 750 ἀντίθεσιν
386 688 499 749 vocari
522 685 563 748 ab
584 684 761 750 Aristotele
786 683 896 766 σχῆμα
919 681 1041 759 λέξεως,
1066 705 1105 746 ac
1130 682 1296 745 schemate

117 794 236 868 λέξεως
270 793 378 858 claudi
412 816 535 877 genera
570 792 745 856 verborum
783 796 815 854 iu
851 796 992 854 tractatu
1028 789 1228 855 Coisliniano
1263 798 1298 851 ut

114 898 242 964 ‘verbis
268 903 429 965 contrarie
453 896 574 964 relatis'
600 901 688 985 apud
713 899 917 964 Ciceronem.

227 1008 279 1076 lta
301 1011 399 1092 igitur
422 1017 607 1092 congruunt
630 1005 798 1090 catalogus
824 1005 1045 1070 Coislinianus
1071 1015 1103 1068 et
1126 1004 1297 1069 Ciceronis

115 1116 309 1201 disputatio,
333 1125 369 1180 ut
392 1114 534 1179 dubitari
557 1117 688 1179 omnino
713 1123 865 1199 nequeat,
897 1116 976 1198 quin
1001 1135 1042 1175 ex
1066 1111 1182 1175 codem
1205 1110 1298 1174 fonte

119 1225 301 1308 scriptores
325 1222 502 1306 hauserint.
549 1221 603 1285 Ab
628 1221 772 1305 ambigui
807 1218 984 1305 generibus
1014 1230 1149 1304 uterque
1173 1220 1297 1303 incipit,

115 1342 278 1395 secuntur
293 1331 542 1415 paronomasiae
558 1351 690 1413 genera,
714 1317 832 1391 deinde
850 1326 1016 1410 exallages
1033 1347 1163 1410 genera,
1179 1347 1298 1409 agmen

119 1437 246 1509 claudit
279 1436 389 1520 σχῆμα
416 1435 538 1509 λέξεως.
587 1436 713 1500 Tamen
748 1457 814 1498 non
850 1433 1072 1498 contenderim
1102 1431 1297 1496 Ciceronem

116 1539 404 1630 ipso'Aristotelis
428 1543 509 1607 libro
534 1565 629 1606 usum
648 1564 733 1614 esse,
759 1565 800 1605 ex
825 1563 889 1627 quo
913 1551 1085 1604 tractatum
1107 1547 1298 1624 excerptum

116 1676 198 1717 csse
222 1663 383 1737 putamus.
432 1650 529 1731 Quod
554 1653 582 1713 si
599 1649 818 1735 Theophrasti
843 1647 897 1711 vel
913 1648 1073 1712 Demetrii
1098 1647 1179 1710 libro
1201 1667 1298 1709 usum

116 1783 198 1824 esse
223 1758 417 1825 Ciceronem
443 1759 661 1840 censebimus
691 1759 926 1843 Peripateticos
962 1756 1035 1820 illos
1065 1777 1218 1820 servasse
1254 1754 1300 1817 di·

118 1870 336 1954 spositionem
362 1867 608 1931 Aristotelicam
633 1865 841 1929 statuendum
868 1867 936 1928 erit.
985 1863 1101 1928 Cicero
1126 1865 1197 1948 ipse
1221 1860 1302 1926 nihil

119 1999 158 2038 se
200 1977 352 2039 omisisse
395 1984 488 2060 putat
531 1974 641 2058 (264):
685 1971 736 2036 ‘ac
780 1972 955 2036 verborum
999 1971 1131 2055 quidem
1176 1990 1300 2053 genera

119 2105 208 2167 quae
233 2092 345 2146 essent
367 2082 475 2146 faceta
500 2082 623 2145 dixisse
648 2103 701 2144 me
726 2075 825 2165 puto’.

213 2189 344 2254 Deinde
372 2189 413 2252 de
440 2188 540 2252 rebus
566 2189 730 2252 disserere
754 2189 879 2273 incipit,
901 2196 1066 2271 tamquam
1089 2187 1117 2250 si
1134 2195 1300 2249 anteaeas

119 2301 254 2362 omnino
264 2298 554 2381 nonrespexisset;
565 2317 640 2358 nam
651 2297 788 2380 primum
799 2317 904 2378 genus
915 2303 951 2356 ut
963 2296 996 2356 in
1007 2303 1166 2378 perpetua
1175 2289 1298 2354 festivi-

120 2414 190 2468 tate
216 2413 266 2468 est
288 2405 440 2483 narratio,
465 2402 505 2466 de
527 2426 592 2488 qua
611 2401 664 2465 hio
686 2401 781 2486 plura
800 2411 1009 2486 exponuntur
1028 2402 1187 2482 cuiusque
1206 2397 1300 2482 plura

118 2534 248 2597 genera
263 2510 507 2594 distinguuntur
525 2508 665 2594 (apologi
682 2545 726 2554 -—
742 2508 899 2589 historia).
949 2507 1094 2591 Scriptor
1110 2509 1182 2590 ipsc
1202 2506 1302 2588 igitur

121 2618 270 2702 neglegit
288 2640 377 2700 eam
413 2616 620 2697 divisionem,
652 2637 748 2700 quam
777 2618 797 2694 ξ
822 2615 886 2678 218
911 2613 1049 2694 induxit,
1081 2615 1123 2693 ἕξ
1148 2611 1214 2676 240
1227 2634 1298 2696 sqq.

118 2725 287 2808 adhibuit,
323 2748 396 2787 nam
433 2726 466 2786 in
502 2723 675 2786 dicacitate
703 2723 922 2785 narrationem
954 2720 1062 2798 locum
1086 2741 1151 2782 non
1179 2717 1300 2782 habere

122 2842 274 2919 apertum
285 2842 344 2895 est.
363 2832 541 2895 Doctrinae
551 2839 657 2914 autem
666 2827 894 2892 Aristotelicas
906 2830 1012 2891 statim
1020 2827 1190 2892 Ciceronis
1200 2825 1302 2889 verba

120 2963 185 3005 nos
197 2940 383 3018 admonent,
392 2937 482 3002 velut
494 2937 589 3001 haec:
600 2936 827 3022 ‘exprimenda
841 2938 927 3000 enim
937 2945 1013 2998 sunt
1023 2933 1215 3019 etponenda
1226 2942 1301 2996 ante

120 3046 240 3112 oculos
264 3069 311 3127 ea,
349 3067 433 3130 quae
457 3045 629 3108 videantur
665 3057 696 3106 et
731 3045 799 3106 veri
830 3039 958 3106 similia'
995 3063 1062 3125 eqs.
1088 3044 1122 3104 in
1157 3050 1300 3104 mentem

127 3163 286 3218 revocant
300 3151 488 3216 Aristotelis
512 3150 593 3215 illud
617 3147 679 3232 πρὸ
698 3146 859 3230 ὀμμάτων
875 3159 981 3212 ποιεῖν
1005 3147 1096 3232 (rhet.
1118 3148 1240 3211 14101)
1258 3148 1301 3211 34

121 3273 159 3324 et
186 3261 267 3324 1411
299 3259 318 3322 b
348 3259 414 3343 23),
451 3258 538 3341 quod
575 3261 660 3321 inter
694 3258 830 3321 facetias
866 3256 1015 3320 habetur.
1063 3254 1156 3335 Quae
1193 3264 1299 3318 autem

125 3375 283 3432 secuntur
306 3366 422 3430 verba:
458 3362 504 3429 ‘et
535 3387 619 3451 quac
645 3367 718 3440 sint,
756 3364 843 3449 quod
878 3362 1005 3427 ridiculi
1040 3364 1207 3448 proprium
1241 3372 1300 3440 est,

125 3469 307 3558 subturpia'
344 3496 416 3537 cam
457 3474 652 3536 sententiani
688 3471 874 3536 Aristotelis
912 3472 1087 3551 continent,
1128 3491 1224 3555 quam
1260 3468 1301 3532 ad

124 3587 145 3662 ξ
173 3580 238 3646 236
261 3579 453 3662 adnotavi2).
499 3578 699 3664 Exemplum
724 3579 810 3664 quod
835 3577 1032 3642 afferebatur
1056 3577 1074 3662 ξ
1099 3578 1174 3658 240,
1205 3579 1300 3640 etiam

125 3686 285 3751 hocloco
311 3687 441 3751 sufficit.
890 3722 894 3728 .

235 3795 363 3860 Deinde
388 3795 477 3880 quod
497 3799 714 3859 ‘narrationes
738 3788 960 3879 apologorum'
986 3791 1150 3854 subnectit
1174 3790 1301 3870 Cicero,

127 3904 381 3989 disputationem
428 3924 532 3988 aeque
579 3903 794 3988 compositam
841 3902 990 3984 sequitur
1034 3922 1074 3962 ac
1113 3898 1301 3962 Demetrius

43 4018 48 4028 '
127 4015 172 4092 ἐξ
197 4011 358 4095 156sqq.;
396 4010 540 4073 detracto
567 4012 653 4073 enim
678 4007 862 4094 proverhi0,
899 4007 986 4093 quod
1012 4006 1127 4071 Cicero
1153 4004 1302 4068 consulto

127 4121 160 4181 in
178 4117 353 4181 verborum
370 4117 548 4201 generibus
572 4118 691 4202 posuit,
716 4117 854 4199 primum
871 4136 977 4199 genus
994 4114 1082 4199 apud
1098 4113 1302 4176 Demetrium

127 4236 182 4288 est
205 4221 223 4286 o‘
248 4224 366 4303 μῦθος.

127 4335 417 4433 *mm-{guma
434 4383 461 4433 p.
481 4364 498 4415 5

238 4456 259 4520 '·')
279 4453 313 4506 cf.
334 4471 418 4521 supra
436 4473 463 4523 p.
483 4454 524 4505 27.
