3252 5082
559 379 777 445 ..29-

89 571 242 646 utsupra
276 557 504 645 exposuimus,
539 553 732 622 tractantur:
762 558 904 644 narratio
929 565 961 620 ct
985 556 1163 641 depravata
1186 558 1256 618 imi-

89 670 172 732 tatio.
219 666 316 747 Quod
334 689 380 729 ea
402 687 438 728 re
463 665 645 751 explicatur
669 664 756 750 quod
773 663 890 728 Cicero
912 661 1044 726 alteram
1063 661 1150 726 illam
1175 662 1256 727 divi-

88 778 209 838 sionem
228 775 377 859 respicit,
402 793 496 858 quam
523 772 542 857 g
558 773 623 836 218
647 770 812 853 induxit1),
838 793 935 856 quam
952 771 1048 833 etiam
1065 772 1098 833 in
1114 771 1258 834 Taetzae

90 892 238 966 excerpto
255 896 437 964 agnoscere
453 878 549 943 nobis
566 879 761 943 videbamur
768 881 801 960 ²).
849 876 1074 941 Ridiculorum
1098 899 1256 962 generum

86 988 150 1052 alia
182 989 285 1072 magis
316 991 350 1050 in
381 996 541 1072 perpetua
570 1008 654 1071 quae
686 995 822 1050 vocatur
849 984 1026 1048 festivitate
1051 983 1257 1064 adhibentur,

89 1095 151 1164 alia
172 1098 276 1180 magis
301 1096 334 1156 in
351 1093 565 1157 'brevioribus
583 1092 693 1172 dietim
719 1116 757 1156 ac
783 1101 960 1178 perpetuae
978 1091 1110 1177 quidem
1134 1092 1258 1154 festivi-

88 1205 144 1266 tati
176 1201 250 1266 talia
282 1211 407 1265 tantum
436 1213 558 1285 genera
588 1202 797 1281 conveniunt,
830 1201 1029 1284 quaein1·e
1053 1201 1161 1284 posita
1184 1206 1260 1262 sunt

86 1321 120 1372 et
143 1333 181 1373 ne
204 1310 286 1373 baec
312 1307 444 1395 quidem
469 1310 593 1386 omnia,
618 1317 650 1371 at
674 1330 713 1371 ea
737 1329 821 1392 quae
845 1307 1115 1376 usuverborum
1138 1304 1258 1385 valent,

90 1417 133 1479 ad
154 1417 356 1480 dicacitatem
380 1415 555 1478 referenda
579 1437 653 1478 esse
677 1417 888 1501 perspicuum
912 1423 970 1478 est.

185 1537 234 1606 'Ut
257 1541 311 1604 hic
336 1541 424 1625 apud
448 1539 643 1604 Ciceronem
667 1540 731 1603 duo
755 1561 878 1624 genera
902 1563 921 1603 a
945 1542 1062 1603 ceteris
1086 1540 1136 1602 rei
1158 1559 1258 1622 gene-

88 1647 175 1710 ribus
192 1657 394 1733 separantur,
413 1649 461 1711 sic
479 1647 542 1711 duo
559 1669 682 1732 genera
699 1657 851 1733 separata
866 1646 1048 1730 leguntur³)
1067 1648 1100 1710 in
1116 1646 1257 1709 Tzetzae

88 1765 251 1841 excerpto,
268 1775 306 1817 ac
330 1755 409 1817 mihi
433 1755 565 1840 quidem
590 1751 725 1834 ἀπάτην
748 1753 835 1816 illam
852 1753 960 1839 aliquo
977 1753 1074 1817 modo
1099 1774 1172 1817 cum
1196 1750 1258 1814 hac

90 1864 279 1943 narratione,
317 1883 400 1946 quae
440 1872 495 1924 aut
533 1860 815 1924 mendaciunculis
854 1860 1062 1946 aspergenda
1108 1869 1158 1922 est
1203 1869 1259 1922 aut

87 1968 180 2052 plane
203 1969 346 2052 fingitur,
365 1979 535 2052 cognatam
560 1969 665 2032 videri
683 1991 783 2054 supra
805 1970 956 2053 exposui;
982 1969 1127 2031 imitatio*
1141 1965 1258 2051 depra-

89 2085 164 2139 vata
184 2075 353 2140 Ciceronis
379 2079 457 2161 quin
474 2075 666 2140 sit-Graeca
684 2071 834 2155 ὁμοίωσις
851 2071 932 2157 πρὸς
947 2071 985 2137 τὸ
1003 2084 1108 2156 χεῖρον
1124 2073 1258 2137 dubium

92 2204 153 2245 non
177 2185 266 2264 estt).
316 2183 414 2268 Apud
438 2183 653 2264 Demetrium,
681 2182 736 2245 ubi
759 2181 971 2260 γελωτοποιία
999 2184 1130 2245 mimica
1157 2191 1192 2243 ut
1213 2182 1259 2243 ita

90 2288 191 2352 dicam
227 2289 420 2374 neglegitur,
459 2290 629 2375 dispositio
665 2289 762 2375 paulo
799 2290 919 2371 differt,
953 2299 1062 2353 tamen
1098 2288 1259 2351 Demetrii

85 2399 180 2459 etiam
205 2399 236 2460 in
262 2397 313 2460 his
338 2397 565 2461 admonemur:
591 2379 708 2461 Cicero
731 2399 812 2460 241:
840 2400 920 2460 ‘sive
937 2396 1060 2460 habeas
1078 2419 1154 2459 vere
1173 2394 1260 2480 qnod

91 2525 219 2567 narrare
243 2507 353 2590 possis
378 2542 421 2550 —-
447 2507 516 2567 sive
540 2504 671 2588 fingas'3
697 2504 887 2568 Demetrius
917 2504 1050 2586 invoa:
1075 2502 1126 2564 καὶ
1150 2502 1260 2582 μῦθος

91 2658 97 2669 ,
123 2662 128 2673 .
156 2609 255 2692 ,ἤτοι
288 2607 305 2672 ὁ
336 2614 475 2687 κείμενος
504 2650 547 2656 -
571 2607 712 2682 πολλοὺς
743 2610 780 2672 δὲ
807 2612 860 2672 καὶ
890 2607 1161 2692 προσπλάσσομεν
1192 2607 1257 2672 κτλ.

191 2735 324 2798 Mimica
348 2747 456 2798 autem
480 2735 563 2798 haec
584 2757 707 2819 genera
723 2737 786 2820 ipsi
804 2735 954 2800 Ciceroni
972 2757 1047 2799 esse
1064 2735 1257 2817 videnturll,

91 2842 145 2922 qui
177 2842 329 2906 admonet
366 2853 536 2925 oratorem,
572 2866 613 2906 ne
648 2845 745 2905 nimis
777 2844 946 2905 imitationi
981 2840 1149 2926 indulgeat
1180 2843 1258 2905 242:

87 2947 267 3013 ‘mimorum
286 2960 336 3012 est
353 2952 439 3013 enim
457 2961 489 3013 et
506 2948 742 3034 ethologorum,
760 2953 788 3013 si
809 2952 908 3012 nimia
933 2959 984 3012 est
1007 2951 1150 3025 imitatio,
1176 2952 1261 3012 siout

89 3052 294 3120 obscenitas'.

161 3175 164 3184 ’
193 3182 325 3245 Deinde
350 3182 390 3244 ad
415 3181 502 3244 dicta
526 3185 643 3246 transit
667 3183 782 3247 Cicero
808 3186 827 3262 ξ
853 3183 933 3246 244:
972 3184 1014 3245 ‘in
1040 3183 1127 3246 dicto
1151 3193 1257 3245 autem

90 3285 258 3352 ridiculum
284 3288 398 3367 estid,
425 3289 512 3375 quod
537 3289 628 3353 verbi
653 3301 708 3353 aut
732 3291 913 3353 sententiae
943 3290 1083 3373 quodam
1109 3290 1259 3353 acumine

90 3394 251 3460 movetur'.
299 3395 423 3459 Eadem
449 3397 566 3460 divisio
591 3396 807 3460 inducebatur
830 3399 864 3460 in
887 3397 953 3460 fine
970 3401 987 3475 ἓ
1003 3396 1078 3478 239,
1102 3397 1260 3480 repetitur

91 3499 132 3578 ,ὅθ
158 3502 219 3566 248
245 3513 277 3565 et
301 3503 381 3582 252,
405 3527 481 3566 nam
499 3506 680 3568 ‘sententia'
703 3505 765 3567 hoc
788 3503 861 3567 loco
886 3505 972 3568 idem
997 3513 1047 3566 est
1071 3503 1159 3588 quod
1183 3501 1260 3566 alibi

90 3619 222 3674 vocatur
251 3631 319 3691 rea,
349 3633 433 3695 quae
462 3611 565 3674 verba
595 3612 708 3675 eodem
739 3611 836 3676 modo
860 3620 1060 3696 usurpantur
1084 3632 1147 3695 quo
1173 3609 1259 3694 apud

196 3803 379 3870 1ῖοῖ.ρ.26.

194 3893 215 3956 ²)
235 3891 270 3945 of.
288 3911 316 3960 p.
337 3891 379 3946 13.

195 3982 214 4046 ³)
235 3981 336 4035 ceteris
356 3983 471 4036 omissio.

193 4077 214 4138 ⁴)
235 4071 359 4139 Utraque
379 4075 422 4124 est
441 4074 539 4124 nostra
558 4072 735 4125 ‘Karikatur’.

194 4160 213 4226 ⁵)
232 4159 375 4214 Mimicum
395 4161 481 4214 etiam
499 4161 527 4212 id
547 4179 635 4228 genua
649 4162 817 4215 narrationis
831 4164 883 4224 est,
896 4163 971 4229 qnod
982 4162 1035 4216 hoc
1048 4164 1108 4216 loeo
1123 4161 1259 4223 mutatum

89 4242 123 4294 fl·
147 4247 161 4315 ξ
185 4249 249 4302 241;
279 4251 331 4302 ‘eat
354 4253 449 4304 autam
471 4250 553 4304 huius
572 4251 683 4318 generis
704 4250 799 4310 virtus,
818 4255 850 4303 ut
868 4251 908 4304 ita
931 4251 1009 4304 lacta
1027 4252 1210 4317 demonstres,
1229 4255 1261 4302 nt

93 4347 179 4388 morea
197 4337 262 4398 eius,
293 4339 326 4392 de
356 4357 409 4406 quo
428 4357 535 4402 narres,
554 4342 586 4392 ut
605 4357 703 4405 sermo,
728 4342 760 4392 ut
778 4340 870 4392 vultus
889 4357 987 4393 omnes
1007 4340 1209 4408 exprimantur,
1228 4343 1260 4393 ut

94 4417 124 4472 iis
144 4425 193 4492 qui
210 4428 329 4480 audiunt
346 4431 405 4482 tum
425 4429 485 4497 geri
504 4429 686 4496 illafiarique
705 4430 870 4484 videantur’.
