<?xml version="1.0" encoding="UTF-8"?>
<!DOCTYPE html PUBLIC "-//W3C//DTD XHTML 1.0 Transitional//EN"
    "http://www.w3.org/TR/xhtml1/DTD/xhtml1-transitional.dtd">
<html xmlns="http://www.w3.org/1999/xhtml" xml:lang="en" lang="en">
 <head>
  <title>
</title>
<meta http-equiv="Content-Type" content="text/html;charset=utf-8" />
  <meta name='ocr-system' content='tesseract 3.04.00' />
  <meta name='ocr-capabilities' content='ocr_page ocr_carea ocr_par ocr_line ocrx_word'/>
</head>
<body>
  <div class='ocr_page' id='page_1' title='image "./deridiculidoctr00arndgoog_0029.png"; bbox 0 0 3252 5082; ppageno 0'>
   <div class='ocr_carea' id='block_1_1' title="bbox 760 346 981 460">
    <p class='ocr_par' dir='ltr' id='par_1_1' title="bbox 760 346 981 460">
     <span class='ocr_line' id='line_1_1' title="bbox 760 346 981 460; baseline -0.005 -17"><span class='ocrx_word' id='word_1_1' title='bbox 760 346 891 460; x_wconf 62' lang='lat'>—.22</span> <span class='ocrx_word' id='word_1_2' title='bbox 939 435 981 442; x_wconf 72' lang='grc'>-</span> 
     </span>
    </p>
   </div>
   <div class='ocr_carea' id='block_1_2' title="bbox 202 573 1527 3096">
    <p class='ocr_par' dir='ltr' id='par_1_2' title="bbox 280 573 1527 1303">
     <span class='ocr_line' id='line_1_2' title="bbox 285 573 1458 662; baseline 0.003 -25"><span class='ocrx_word' id='word_1_3' title='bbox 285 573 551 639; x_wconf 86' lang='lat' dir='ltr'><strong>secernebantur.</strong></span> <span class='ocrx_word' id='word_1_4' title='bbox 600 573 753 660; x_wconf 79' lang='lat' dir='ltr'><strong>Quinque</strong></span> <span class='ocrx_word' id='word_1_5' title='bbox 781 584 890 639; x_wconf 88' lang='lat' dir='ltr'><strong>autem</strong></span> <span class='ocrx_word' id='word_1_6' title='bbox 919 585 995 639; x_wconf 88' lang='lat' dir='ltr'><strong>sunt</strong></span> <span class='ocrx_word' id='word_1_7' title='bbox 1023 597 1086 661; x_wconf 92' lang='lat' dir='ltr'><strong>quo</strong></span> <span class='ocrx_word' id='word_1_8' title='bbox 1119 575 1281 657; x_wconf 81' lang='lat' dir='ltr'><strong>differunt,</strong></span> <span class='ocrx_word' id='word_1_9' title='bbox 1317 579 1458 662; x_wconf 87' lang='lat' dir='ltr'><strong>primurn</strong></span> 
     </span>
     <span class='ocr_line' id='line_1_3' title="bbox 285 675 1461 769; baseline 0.002 -25"><span class='ocrx_word' id='word_1_10' title='bbox 285 683 419 745; x_wconf 88' lang='lat' dir='ltr'><strong>materia</strong></span> <span class='ocrx_word' id='word_1_11' title='bbox 455 681 505 768; x_wconf 73' lang='grc' dir='ltr'><strong>(τῇ</strong></span> <span class='ocrx_word' id='word_1_12' title='bbox 530 679 591 768; x_wconf 79' lang='grc' dir='ltr'><strong>ὕλῃ</strong></span> <span class='ocrx_word' id='word_1_13' title='bbox 623 680 709 765; x_wconf 84' lang='lat'>163).</span> <span class='ocrx_word' id='word_1_14' title='bbox 757 682 896 746; x_wconf 87' lang='lat' dir='ltr'><strong>Venusti</strong></span> <span class='ocrx_word' id='word_1_15' title='bbox 917 675 1068 746; x_wconf 51' lang='lat' dir='ltr'><strong>¹materia</strong></span> <span class='ocrx_word' id='word_1_16' title='bbox 1104 706 1144 746; x_wconf 91' lang='lat' dir='ltr'><strong>ea</strong></span> <span class='ocrx_word' id='word_1_17' title='bbox 1179 693 1239 764; x_wconf 83' lang='lat' dir='ltr'><strong>est,</strong></span> <span class='ocrx_word' id='word_1_18' title='bbox 1276 687 1360 769; x_wconf 87' lang='lat' dir='ltr'><strong>quae</strong></span> <span class='ocrx_word' id='word_1_19' title='bbox 1394 685 1461 746; x_wconf 86' lang='lat' dir='ltr'><strong>iam</strong></span> 
     </span>
     <span class='ocr_line' id='line_1_4' title="bbox 285 787 1459 872; baseline 0.002 -22"><span class='ocrx_word' id='word_1_20' title='bbox 285 791 304 866; x_wconf 64' lang='grc' dir='ltr'><strong>ἕ</strong></span> <span class='ocrx_word' id='word_1_21' title='bbox 333 788 394 851; x_wconf 85' lang='grc'><strong>123</strong></span> <span class='ocrx_word' id='word_1_22' title='bbox 430 787 641 852; x_wconf 82' lang='lat' dir='ltr'><strong>afferebatur:</strong></span> <span class='ocrx_word' id='word_1_23' title='bbox 678 799 834 872; x_wconf 78' lang='grc' dir='ltr'><strong><em>νυμφαϊοι</em></strong></span> <span class='ocrx_word' id='word_1_24' title='bbox 868 788 976 871; x_wconf 80' lang='grc' dir='ltr'><em>κῆποι,</em></span> <span class='ocrx_word' id='word_1_25' title='bbox 1013 793 1135 872; x_wconf 72' lang='grc' dir='ltr'><em>ἔρωτες,</em></span> <span class='ocrx_word' id='word_1_26' title='bbox 1170 790 1299 854; x_wconf 76' lang='lat' dir='ltr'><strong>ridiculi</strong></span> <span class='ocrx_word' id='word_1_27' title='bbox 1322 792 1459 854; x_wconf 88' lang='lat' dir='ltr'><strong>materia</strong></span> 
     </span>
     <span class='ocr_line' id='line_1_5' title="bbox 280 891 1458 983; baseline 0.003 -28"><span class='ocrx_word' id='word_1_28' title='bbox 280 891 361 974; x_wconf 83' lang='grc' dir='ltr'><em>Ἶρος</em></span> <span class='ocrx_word' id='word_1_29' title='bbox 377 894 428 955; x_wconf 82' lang='grc' dir='ltr'><strong>καὶ</strong></span> <span class='ocrx_word' id='word_1_30' title='bbox 446 896 605 977; x_wconf 80' lang='grc' dir='ltr'><strong><em>Θερσίτης.</em></strong></span> <span class='ocrx_word' id='word_1_31' title='bbox 652 895 704 959; x_wconf 84' lang='lat' dir='ltr'><strong>En</strong></span> <span class='ocrx_word' id='word_1_32' title='bbox 721 894 823 959; x_wconf 85' lang='lat' dir='ltr'><strong>habes</strong></span> <span class='ocrx_word' id='word_1_33' title='bbox 841 896 980 960; x_wconf 87' lang='lat' dir='ltr'><strong>eandem</strong></span> <span class='ocrx_word' id='word_1_34' title='bbox 1002 897 1193 975; x_wconf 82' lang='lat' dir='ltr'><strong>doctrinam,</strong></span> <span class='ocrx_word' id='word_1_35' title='bbox 1219 920 1316 983; x_wconf 87' lang='lat' dir='ltr'><strong>quam</strong></span> <span class='ocrx_word' id='word_1_36' title='bbox 1331 896 1458 961; x_wconf 86' lang='lat' dir='ltr'><strong>Aristo-</strong></span> 
     </span>
     <span class='ocr_line' id='line_1_6' title="bbox 285 994 1527 1089; baseline 0.002 -25"><span class='ocrx_word' id='word_1_37' title='bbox 285 1000 368 1064; x_wconf 88' lang='lat' dir='ltr'><strong>teles</strong></span> <span class='ocrx_word' id='word_1_38' title='bbox 397 1000 530 1087; x_wconf 90' lang='lat' dir='ltr'><strong>protulit</strong></span> <span class='ocrx_word' id='word_1_39' title='bbox 554 1023 716 1087; x_wconf 86' lang='lat' dir='ltr'><strong>quamque</strong></span> <span class='ocrx_word' id='word_1_40' title='bbox 741 1004 804 1066; x_wconf 89' lang='lat' dir='ltr'><strong>iam</strong></span> <span class='ocrx_word' id='word_1_41' title='bbox 833 1001 886 1066; x_wconf 90' lang='lat' dir='ltr'><strong>hic</strong></span> <span class='ocrx_word' id='word_1_42' title='bbox 914 1002 1085 1068; x_wconf 78' lang='lat' dir='ltr'><strong>Ciceronis</strong></span> <span class='ocrx_word' id='word_1_43' title='bbox 1109 1004 1219 1068; x_wconf 88' lang='lat' dir='ltr'><strong>verbis</strong></span> <span class='ocrx_word' id='word_1_44' title='bbox 1245 1004 1456 1089; x_wconf 88' lang='lat' dir='ltr'><strong>comprehen·</strong></span> <span class='ocrx_word' id='word_1_45' title='bbox 1522 994 1527 1010; x_wconf 76' lang='grc'><em>’</em></span> 
     </span>
     <span class='ocr_line' id='line_1_7' title="bbox 287 1108 1458 1199; baseline 0.003 -28"><span class='ocrx_word' id='word_1_46' title='bbox 287 1108 365 1171; x_wconf 87' lang='lat' dir='ltr'><strong>dere</strong></span> <span class='ocrx_word' id='word_1_47' title='bbox 393 1108 490 1172; x_wconf 88' lang='lat' dir='ltr'><strong>liceat</strong></span> <span class='ocrx_word' id='word_1_48' title='bbox 518 1109 571 1189; x_wconf 84' lang='lat' dir='ltr'><strong>(de</strong></span> <span class='ocrx_word' id='word_1_49' title='bbox 604 1109 859 1194; x_wconf 82' lang='lat' dir='ltr'><strong>orat.11236):</strong></span> <span class='ocrx_word' id='word_1_50' title='bbox 896 1108 1000 1174; x_wconf 85' lang='lat' dir='ltr'><strong>‘locus</strong></span> <span class='ocrx_word' id='word_1_51' title='bbox 1036 1121 1152 1199; x_wconf 22' lang='lat' dir='ltr'><strong>autem.</strong></span> <span class='ocrx_word' id='word_1_52' title='bbox 1171 1122 1203 1174; x_wconf 91' lang='lat' dir='ltr'><strong>et</strong></span> <span class='ocrx_word' id='word_1_53' title='bbox 1237 1113 1328 1195; x_wconf 88' lang='lat' dir='ltr'><strong>regio</strong></span> <span class='ocrx_word' id='word_1_54' title='bbox 1364 1113 1458 1195; x_wconf 87' lang='lat' dir='ltr'><strong>quasi</strong></span> 
     </span>
     <span class='ocr_line' id='line_1_8' title="bbox 284 1213 1316 1303; baseline 0.002 -25"><span class='ocrx_word' id='word_1_55' title='bbox 284 1213 414 1278; x_wconf 81' lang='lat' dir='ltr'><strong>ridiculi</strong></span> <span class='ocrx_word' id='word_1_56' title='bbox 437 1215 636 1300; x_wconf 85' lang='lat' dir='ltr'><strong>turpitudine</strong></span> <span class='ocrx_word' id='word_1_57' title='bbox 662 1225 694 1279; x_wconf 90' lang='lat' dir='ltr'><strong>et</strong></span> <span class='ocrx_word' id='word_1_58' title='bbox 716 1214 921 1280; x_wconf 85' lang='lat' dir='ltr'><strong>deformitate</strong></span> <span class='ocrx_word' id='word_1_59' title='bbox 945 1218 1086 1303; x_wconf 86' lang='lat' dir='ltr'><strong>quadam</strong></span> <span class='ocrx_word' id='word_1_60' title='bbox 1112 1213 1316 1282; x_wconf 84' lang='lat' dir='ltr'><strong>continetur.&#39;</strong></span> 
     </span>
    </p>

    <p class='ocr_par' dir='ltr' id='par_1_3' title="bbox 284 1321 1458 2262">
     <span class='ocr_line' id='line_1_9' title="bbox 391 1321 1458 1400; baseline 0.005 -16"><span class='ocrx_word' id='word_1_61' title='bbox 391 1321 522 1385; x_wconf 86' lang='lat' dir='ltr'><strong>Deinde</strong></span> <span class='ocrx_word' id='word_1_62' title='bbox 559 1321 742 1386; x_wconf 87' lang='lat' dir='ltr'><strong>elocutione</strong></span> <span class='ocrx_word' id='word_1_63' title='bbox 779 1323 944 1400; x_wconf 89' lang='lat' dir='ltr'><strong>differunt,</strong></span> <span class='ocrx_word' id='word_1_64' title='bbox 982 1346 1056 1387; x_wconf 91' lang='lat' dir='ltr'><strong>cum</strong></span> <span class='ocrx_word' id='word_1_65' title='bbox 1092 1328 1124 1388; x_wconf 93' lang='lat' dir='ltr'><strong>in</strong></span> <span class='ocrx_word' id='word_1_66' title='bbox 1162 1335 1300 1389; x_wconf 91' lang='lat' dir='ltr'><strong>venusto</strong></span> <span class='ocrx_word' id='word_1_67' title='bbox 1335 1327 1458 1388; x_wconf 89' lang='lat' dir='ltr'><strong>maiore</strong></span> 
     </span>
     <span class='ocr_line' id='line_1_10' title="bbox 286 1428 1458 1515; baseline 0.003 -23"><span class='ocrx_word' id='word_1_68' title='bbox 286 1428 455 1512; x_wconf 87' lang='lat' dir='ltr'><strong>diligentia</strong></span> <span class='ocrx_word' id='word_1_69' title='bbox 479 1431 691 1515; x_wconf 86' lang='lat' dir='ltr'><strong>exquiramus</strong></span> <span class='ocrx_word' id='word_1_70' title='bbox 708 1429 880 1508; x_wconf 88' lang='lat' dir='ltr'><strong>voeabula,</strong></span> <span class='ocrx_word' id='word_1_71' title='bbox 904 1433 936 1493; x_wconf 90' lang='lat' dir='ltr'><strong>in</strong></span> <span class='ocrx_word' id='word_1_72' title='bbox 961 1431 1099 1495; x_wconf 86' lang='lat' dir='ltr'><strong>ridiculo</strong></span> <span class='ocrx_word' id='word_1_73' title='bbox 1120 1431 1291 1495; x_wconf 87' lang='lat' dir='ltr'><strong>vilioribus</strong></span> <span class='ocrx_word' id='word_1_74' title='bbox 1315 1440 1458 1514; x_wconf 75' lang='lat' dir='ltr'><strong>utamur3</strong></span> 
     </span>
     <span class='ocr_line' id='line_1_11' title="bbox 284 1534 1457 1625; baseline 0.004 -28"><span class='ocrx_word' id='word_1_75' title='bbox 284 1556 367 1620; x_wconf 91' lang='lat' dir='ltr'><strong>quae</strong></span> <span class='ocrx_word' id='word_1_76' title='bbox 403 1557 456 1598; x_wconf 84' lang='lat' dir='ltr'><strong>res</strong></span> <span class='ocrx_word' id='word_1_77' title='bbox 482 1534 634 1620; x_wconf 82' lang='lat' dir='ltr'><strong>Sapphus</strong></span> <span class='ocrx_word' id='word_1_78' title='bbox 665 1536 864 1600; x_wconf 85' lang='lat' dir='ltr'><strong>carminibus</strong></span> <span class='ocrx_word' id='word_1_79' title='bbox 899 1536 1078 1602; x_wconf 86' lang='lat' dir='ltr'><strong>illustratur</strong></span> <span class='ocrx_word' id='word_1_80' title='bbox 1113 1538 1325 1625; x_wconf 76' lang='lat' dir='ltr'><strong>(let-167).</strong></span> <span class='ocrx_word' id='word_1_81' title='bbox 1373 1539 1457 1602; x_wconf 79' lang='lat' dir='ltr'><strong>&#39;l&#39;um</strong></span> 
     </span>
     <span class='ocr_line' id='line_1_12' title="bbox 284 1641 1458 1724; baseline 0.003 -19"><span class='ocrx_word' id='word_1_82' title='bbox 284 1641 422 1705; x_wconf 87' lang='lat' dir='ltr'><strong>consilio</strong></span> <span class='ocrx_word' id='word_1_83' title='bbox 451 1651 482 1704; x_wconf 87' lang='lat' dir='ltr'><strong>et</strong></span> <span class='ocrx_word' id='word_1_84' title='bbox 511 1642 629 1706; x_wconf 87' lang='lat' dir='ltr'><strong>effectu</strong></span> <span class='ocrx_word' id='word_1_85' title='bbox 658 1643 820 1724; x_wconf 86' lang='lat' dir='ltr'><strong>differunt,</strong></span> <span class='ocrx_word' id='word_1_86' title='bbox 857 1666 931 1706; x_wconf 88' lang='lat' dir='ltr'><strong>cum</strong></span> <span class='ocrx_word' id='word_1_87' title='bbox 966 1645 1019 1707; x_wconf 92' lang='lat' dir='ltr'><strong>hio</strong></span> <span class='ocrx_word' id='word_1_88' title='bbox 1049 1645 1233 1719; x_wconf 83' lang='lat' dir='ltr'><strong>delectatio,</strong></span> <span class='ocrx_word' id='word_1_89' title='bbox 1271 1643 1336 1709; x_wconf 89' lang='lat' dir='ltr'><strong>illic</strong></span> <span class='ocrx_word' id='word_1_90' title='bbox 1370 1650 1458 1709; x_wconf 86' lang='lat' dir='ltr'><strong>risus</strong></span> 
     </span>
     <span class='ocr_line' id='line_1_13' title="bbox 284 1751 1458 1836; baseline 0.004 -26"><span class='ocrx_word' id='word_1_91' title='bbox 284 1759 412 1834; x_wconf 88' lang='lat' dir='ltr'><strong>petatur</strong></span> <span class='ocrx_word' id='word_1_92' title='bbox 440 1758 473 1811; x_wconf 89' lang='lat' dir='ltr'><strong>et</strong></span> <span class='ocrx_word' id='word_1_93' title='bbox 501 1763 730 1835; x_wconf 86' lang='lat' dir='ltr'><strong>consequatur.</strong></span> <span class='ocrx_word' id='word_1_94' title='bbox 779 1751 932 1836; x_wconf 85' lang='lat' dir='ltr'><strong>Denique</strong></span> <span class='ocrx_word' id='word_1_95' title='bbox 963 1755 1059 1815; x_wconf 90' lang='lat' dir='ltr'><strong>etiam</strong></span> <span class='ocrx_word' id='word_1_96' title='bbox 1089 1753 1169 1816; x_wconf 88' lang='lat' dir='ltr'><strong>sede</strong></span> <span class='ocrx_word' id='word_1_97' title='bbox 1194 1752 1355 1833; x_wconf 81' lang='lat' dir='ltr'><strong>differunt,</strong></span> <span class='ocrx_word' id='word_1_98' title='bbox 1391 1774 1458 1816; x_wconf 91' lang='lat' dir='ltr'><strong>non</strong></span> 
     </span>
     <span class='ocr_line' id='line_1_14' title="bbox 284 1853 1457 1944; baseline 0.003 -28"><span class='ocrx_word' id='word_1_99' title='bbox 284 1854 347 1917; x_wconf 88' lang='lat' dir='ltr'><strong>illis</strong></span> <span class='ocrx_word' id='word_1_100' title='bbox 380 1855 511 1940; x_wconf 92' lang='lat' dir='ltr'><strong>quidem</strong></span> <span class='ocrx_word' id='word_1_101' title='bbox 546 1853 639 1936; x_wconf 87' lang='lat' dir='ltr'><strong>locis,</strong></span> <span class='ocrx_word' id='word_1_102' title='bbox 676 1858 730 1940; x_wconf 93' lang='lat' dir='ltr'><strong>qui</strong></span> <span class='ocrx_word' id='word_1_103' title='bbox 767 1877 866 1941; x_wconf 91' lang='lat' dir='ltr'><strong>supra</strong></span> <span class='ocrx_word' id='word_1_104' title='bbox 901 1858 1185 1940; x_wconf 81' lang='lat' dir='ltr'><strong>enumerabuntur,</strong></span> <span class='ocrx_word' id='word_1_105' title='bbox 1223 1858 1282 1922; x_wconf 89' lang='lat' dir='ltr'><strong>sed</strong></span> <span class='ocrx_word' id='word_1_106' title='bbox 1317 1880 1457 1944; x_wconf 83' lang='lat' dir='ltr'><strong>poeseos</strong></span> 
     </span>
     <span class='ocr_line' id='line_1_15' title="bbox 284 1962 1457 2051; baseline 0.002 -25"><span class='ocrx_word' id='word_1_107' title='bbox 284 1962 470 2046; x_wconf 63' lang='lat' dir='ltr'><strong>generibus</strong></span> <span class='ocrx_word' id='word_1_108' title='bbox 494 1964 528 2025; x_wconf 91' lang='lat' dir='ltr'><strong>in</strong></span> <span class='ocrx_word' id='word_1_109' title='bbox 554 1962 672 2046; x_wconf 90' lang='lat' dir='ltr'><strong>quibus</strong></span> <span class='ocrx_word' id='word_1_110' title='bbox 696 1962 905 2044; x_wconf 78' lang='lat' dir='ltr'><strong>adhibentur3</strong></span> <span class='ocrx_word' id='word_1_111' title='bbox 936 1987 1009 2027; x_wconf 91' lang='lat' dir='ltr'><strong>nam</strong></span> <span class='ocrx_word' id='word_1_112' title='bbox 1039 1967 1071 2027; x_wconf 91' lang='lat' dir='ltr'><strong>in</strong></span> <span class='ocrx_word' id='word_1_113' title='bbox 1096 1965 1267 2030; x_wconf 89' lang='lat' dir='ltr'><strong>comoedia</strong></span> <span class='ocrx_word' id='word_1_114' title='bbox 1291 1976 1323 2028; x_wconf 91' lang='lat' dir='ltr'><strong>et</strong></span> <span class='ocrx_word' id='word_1_115' title='bbox 1347 1974 1457 2051; x_wconf 86' lang='lat' dir='ltr'><strong>satyro</strong></span> 
     </span>
     <span class='ocr_line' id='line_1_16' title="bbox 284 2069 1457 2157; baseline 0.003 -25"><span class='ocrx_word' id='word_1_116' title='bbox 284 2081 316 2132; x_wconf 91' lang='lat' dir='ltr'><strong>et</strong></span> <span class='ocrx_word' id='word_1_117' title='bbox 339 2080 512 2133; x_wconf 90' lang='lat' dir='ltr'><strong>venustum</strong></span> <span class='ocrx_word' id='word_1_118' title='bbox 538 2081 570 2132; x_wconf 88' lang='lat' dir='ltr'><strong>et</strong></span> <span class='ocrx_word' id='word_1_119' title='bbox 604 2069 779 2133; x_wconf 91' lang='lat' dir='ltr'><strong>ridiculum</strong></span> <span class='ocrx_word' id='word_1_120' title='bbox 802 2069 908 2134; x_wconf 88' lang='lat' dir='ltr'><strong>locum</strong></span> <span class='ocrx_word' id='word_1_121' title='bbox 939 2070 1069 2152; x_wconf 89' lang='lat' dir='ltr'><strong>habent,</strong></span> <span class='ocrx_word' id='word_1_122' title='bbox 1107 2076 1140 2136; x_wconf 90' lang='lat' dir='ltr'><strong>in</strong></span> <span class='ocrx_word' id='word_1_123' title='bbox 1163 2073 1333 2157; x_wconf 79' lang='lat' dir='ltr'><strong>tragoedia</strong></span> <span class='ocrx_word' id='word_1_124' title='bbox 1356 2095 1457 2136; x_wconf 89' lang='lat' dir='ltr'><strong>venu-</strong></span> 
     </span>
     <span class='ocr_line' id='line_1_17' title="bbox 285 2176 1405 2262; baseline 0.003 -23"><span class='ocrx_word' id='word_1_125' title='bbox 285 2187 368 2240; x_wconf 89' lang='lat' dir='ltr'><strong>stum</strong></span> <span class='ocrx_word' id='word_1_126' title='bbox 394 2176 525 2262; x_wconf 91' lang='lat' dir='ltr'><strong>quidem</strong></span> <span class='ocrx_word' id='word_1_127' title='bbox 550 2199 614 2240; x_wconf 90' lang='lat' dir='ltr'><strong>non</strong></span> <span class='ocrx_word' id='word_1_128' title='bbox 640 2177 743 2253; x_wconf 85' lang='lat' dir='ltr'><strong>deest,</strong></span> <span class='ocrx_word' id='word_1_129' title='bbox 769 2177 828 2240; x_wconf 89' lang='lat' dir='ltr'><strong>sed</strong></span> <span class='ocrx_word' id='word_1_130' title='bbox 852 2177 1024 2242; x_wconf 90' lang='lat' dir='ltr'><strong>ridiculum</strong></span> <span class='ocrx_word' id='word_1_131' title='bbox 1049 2179 1090 2243; x_wconf 92' lang='lat' dir='ltr'><strong>ab</strong></span> <span class='ocrx_word' id='word_1_132' title='bbox 1117 2201 1155 2243; x_wconf 93' lang='lat' dir='ltr'><strong>ea</strong></span> <span class='ocrx_word' id='word_1_133' title='bbox 1179 2179 1322 2244; x_wconf 92' lang='lat' dir='ltr'><strong>alienum</strong></span> <span class='ocrx_word' id='word_1_134' title='bbox 1347 2191 1405 2242; x_wconf 87' lang='lat' dir='ltr'><strong>est.</strong></span> 
     </span>
    </p>

    <p class='ocr_par' dir='ltr' id='par_1_4' title="bbox 202 2283 1457 3096">
     <span class='ocr_line' id='line_1_18' title="bbox 389 2283 1455 2371; baseline 0.003 -24"><span class='ocrx_word' id='word_1_135' title='bbox 389 2284 496 2348; x_wconf 82' lang='lat' dir='ltr'><strong>Etiam</strong></span> <span class='ocrx_word' id='word_1_136' title='bbox 521 2284 562 2346; x_wconf 89' lang='lat' dir='ltr'><strong>de</strong></span> <span class='ocrx_word' id='word_1_137' title='bbox 586 2306 650 2346; x_wconf 87' lang='lat' dir='ltr'><strong>usu</strong></span> <span class='ocrx_word' id='word_1_138' title='bbox 673 2283 801 2348; x_wconf 91' lang='lat' dir='ltr'><strong>ridiculi</strong></span> <span class='ocrx_word' id='word_1_139' title='bbox 827 2295 1039 2371; x_wconf 90' lang='lat' dir='ltr'><strong>praeceptum</strong></span> <span class='ocrx_word' id='word_1_140' title='bbox 1070 2296 1237 2350; x_wconf 87' lang='lat' dir='ltr'><strong>servatum</strong></span> <span class='ocrx_word' id='word_1_141' title='bbox 1262 2297 1325 2368; x_wconf 77' lang='lat' dir='ltr'><strong>est3</strong></span> <span class='ocrx_word' id='word_1_142' title='bbox 1357 2309 1455 2371; x_wconf 81' lang='lat' dir='ltr'><strong>expo·</strong></span> 
     </span>
     <span class='ocr_line' id='line_1_19' title="bbox 283 2393 1457 2458; baseline 0.002 -4"><span class='ocrx_word' id='word_1_143' title='bbox 283 2393 368 2454; x_wconf 92' lang='lat' dir='ltr'><strong>nitur</strong></span> <span class='ocrx_word' id='word_1_144' title='bbox 393 2394 478 2454; x_wconf 92' lang='lat' dir='ltr'><strong>enim</strong></span> <span class='ocrx_word' id='word_1_145' title='bbox 502 2393 600 2455; x_wconf 86' lang='lat' dir='ltr'><strong>etiam</strong></span> <span class='ocrx_word' id='word_1_146' title='bbox 626 2393 809 2455; x_wconf 86' lang='lat' dir='ltr'><strong>severiores</strong></span> <span class='ocrx_word' id='word_1_147' title='bbox 833 2395 931 2455; x_wconf 85' lang='lat' dir='ltr'><strong>viros¹</strong></span> <span class='ocrx_word' id='word_1_148' title='bbox 951 2393 1115 2457; x_wconf 91' lang='lat' dir='ltr'><strong>interdum</strong></span> <span class='ocrx_word' id='word_1_149' title='bbox 1143 2396 1254 2458; x_wconf 90' lang='lat' dir='ltr'><strong>iocum</strong></span> <span class='ocrx_word' id='word_1_150' title='bbox 1279 2394 1397 2458; x_wconf 90' lang='lat' dir='ltr'><strong>decere</strong></span> <span class='ocrx_word' id='word_1_151' title='bbox 1422 2405 1457 2456; x_wconf 93' lang='lat' dir='ltr'><strong>ut</strong></span> 
     </span>
     <span class='ocr_line' id='line_1_20' title="bbox 283 2496 1455 2566; baseline 0.003 -6"><span class='ocrx_word' id='word_1_152' title='bbox 283 2496 398 2560; x_wconf 89' lang='lat' dir='ltr'><strong>diebus</strong></span> <span class='ocrx_word' id='word_1_153' title='bbox 423 2498 516 2561; x_wconf 86' lang='lat' dir='ltr'><strong>festis</strong></span> <span class='ocrx_word' id='word_1_154' title='bbox 532 2498 584 2562; x_wconf 92' lang='lat' dir='ltr'><strong>vel</strong></span> <span class='ocrx_word' id='word_1_155' title='bbox 603 2501 636 2562; x_wconf 88' lang='lat' dir='ltr'><strong>in</strong></span> <span class='ocrx_word' id='word_1_156' title='bbox 653 2501 823 2562; x_wconf 88' lang='lat' dir='ltr'><strong>conviviis.</strong></span> <span class='ocrx_word' id='word_1_157' title='bbox 864 2500 1040 2564; x_wconf 89' lang='lat' dir='ltr'><strong>Praeterea</strong></span> <span class='ocrx_word' id='word_1_158' title='bbox 1056 2503 1147 2565; x_wconf 86' lang='lat' dir='ltr'><strong>iocos</strong></span> <span class='ocrx_word' id='word_1_159' title='bbox 1163 2503 1247 2565; x_wconf 90' lang='lat' dir='ltr'><strong>inter</strong></span> <span class='ocrx_word' id='word_1_160' title='bbox 1271 2525 1307 2566; x_wconf 87' lang='lat' dir='ltr'><strong>se</strong></span> <span class='ocrx_word' id='word_1_161' title='bbox 1325 2502 1455 2565; x_wconf 82' lang='lat' dir='ltr'><strong>differre</strong></span> 
     </span>
     <span class='ocr_line' id='line_1_21' title="bbox 282 2604 1455 2694; baseline 0.005 -29"><span class='ocrx_word' id='word_1_162' title='bbox 282 2607 342 2666; x_wconf 87' lang='lat' dir='ltr'><strong>viri</strong></span> <span class='ocrx_word' id='word_1_163' title='bbox 378 2604 521 2668; x_wconf 89' lang='lat' dir='ltr'><strong>liberalis</strong></span> <span class='ocrx_word' id='word_1_164' title='bbox 558 2620 588 2668; x_wconf 91' lang='lat' dir='ltr'><strong>et</strong></span> <span class='ocrx_word' id='word_1_165' title='bbox 623 2605 806 2688; x_wconf 82' lang='lat' dir='ltr'><strong>illiberalis3</strong></span> <span class='ocrx_word' id='word_1_166' title='bbox 842 2607 905 2670; x_wconf 86' lang='lat' dir='ltr'><strong>hoc</strong></span> <span class='ocrx_word' id='word_1_167' title='bbox 941 2611 1028 2674; x_wconf 83' lang='lat' dir='ltr'><strong>enim</strong></span> <span class='ocrx_word' id='word_1_168' title='bbox 1068 2611 1154 2672; x_wconf 88' lang='lat' dir='ltr'><strong>inest</strong></span> <span class='ocrx_word' id='word_1_169' title='bbox 1188 2611 1221 2672; x_wconf 89' lang='lat' dir='ltr'><strong>in</strong></span> <span class='ocrx_word' id='word_1_170' title='bbox 1250 2606 1291 2691; x_wconf 60' lang='grc' dir='ltr'><strong>ἐξ</strong></span> <span class='ocrx_word' id='word_1_171' title='bbox 1322 2608 1455 2694; x_wconf 70' lang='lat' dir='ltr'><strong>ltlsta,</strong></span> 
     </span>
     <span class='ocr_line' id='line_1_22' title="bbox 202 2711 1456 2800; baseline 0.002 -26"><span class='ocrx_word' id='word_1_172' title='bbox 202 2751 204 2756; x_wconf 94' lang='lat'>·</span> <span class='ocrx_word' id='word_1_173' title='bbox 283 2733 321 2774; x_wconf 88' lang='lat' dir='ltr'><strong>ao</strong></span> <span class='ocrx_word' id='word_1_174' title='bbox 345 2711 491 2796; x_wconf 88' lang='lat' dir='ltr'><strong>profecto</strong></span> <span class='ocrx_word' id='word_1_175' title='bbox 517 2713 632 2776; x_wconf 88' lang='lat' dir='ltr'><strong>eadem</strong></span> <span class='ocrx_word' id='word_1_176' title='bbox 662 2724 713 2776; x_wconf 84' lang='lat' dir='ltr'><strong>est</strong></span> <span class='ocrx_word' id='word_1_177' title='bbox 737 2715 907 2795; x_wconf 89' lang='lat' dir='ltr'><strong>sententia,</strong></span> <span class='ocrx_word' id='word_1_178' title='bbox 939 2738 1034 2799; x_wconf 86' lang='lat' dir='ltr'><strong>quam</strong></span> <span class='ocrx_word' id='word_1_179' title='bbox 1061 2715 1150 2800; x_wconf 92' lang='lat' dir='ltr'><strong>apud</strong></span> <span class='ocrx_word' id='word_1_180' title='bbox 1173 2714 1385 2779; x_wconf 82' lang='lat' dir='ltr'><strong>Aristotelem</strong></span> <span class='ocrx_word' id='word_1_181' title='bbox 1409 2717 1456 2777; x_wconf 90' lang='lat' dir='ltr'><strong>in-</strong></span> 
     </span>
     <span class='ocr_line' id='line_1_23' title="bbox 284 2820 1457 2906; baseline 0.005 -27"><span class='ocrx_word' id='word_1_182' title='bbox 284 2820 433 2881; x_wconf 86' lang='lat' dir='ltr'><strong>venimus</strong></span> <span class='ocrx_word' id='word_1_183' title='bbox 465 2829 497 2882; x_wconf 90' lang='lat' dir='ltr'><strong>et</strong></span> <span class='ocrx_word' id='word_1_184' title='bbox 532 2820 619 2903; x_wconf 91' lang='lat' dir='ltr'><strong>apud</strong></span> <span class='ocrx_word' id='word_1_185' title='bbox 644 2820 808 2883; x_wconf 87' lang='lat' dir='ltr'><strong>Romanos</strong></span> <span class='ocrx_word' id='word_1_186' title='bbox 833 2823 1047 2906; x_wconf 89' lang='lat' dir='ltr'><strong>reperiemus:</strong></span> <span class='ocrx_word' id='word_1_187' title='bbox 1085 2845 1151 2886; x_wconf 93' lang='lat' dir='ltr'><strong>non</strong></span> <span class='ocrx_word' id='word_1_188' title='bbox 1183 2825 1290 2886; x_wconf 88' lang='lat' dir='ltr'><strong>omnia</strong></span> <span class='ocrx_word' id='word_1_189' title='bbox 1318 2821 1457 2886; x_wconf 84' lang='lat' dir='ltr'><strong>ridicula</strong></span> 
     </span>
     <span class='ocr_line' id='line_1_24' title="bbox 283 2926 1454 3010; baseline 0.004 -23"><span class='ocrx_word' id='word_1_190' title='bbox 283 2947 357 2988; x_wconf 89' lang='lat' dir='ltr'><strong>esse</strong></span> <span class='ocrx_word' id='word_1_191' title='bbox 382 2926 503 3008; x_wconf 78' lang='lat' dir='ltr'><strong>faceta3</strong></span> <span class='ocrx_word' id='word_1_192' title='bbox 529 2928 636 3010; x_wconf 90' lang='lat' dir='ltr'><strong>itaque</strong></span> <span class='ocrx_word' id='word_1_193' title='bbox 660 2927 804 2990; x_wconf 89' lang='lat' dir='ltr'><strong>urbanos</strong></span> <span class='ocrx_word' id='word_1_194' title='bbox 828 2937 951 2992; x_wconf 87' lang='lat' dir='ltr'><strong>tantum</strong></span> <span class='ocrx_word' id='word_1_195' title='bbox 977 2932 1066 2992; x_wconf 85' lang='lat' dir='ltr'><strong>iocos</strong></span> <span class='ocrx_word' id='word_1_196' title='bbox 1084 2928 1298 3006; x_wconf 88' lang='lat' dir='ltr'><strong>adhibendos,</strong></span> <span class='ocrx_word' id='word_1_197' title='bbox 1327 2938 1454 2992; x_wconf 89' lang='lat' dir='ltr'><strong>eeteros</strong></span> 
     </span>
     <span class='ocr_line' id='line_1_25' title="bbox 284 3032 545 3096; baseline 0.011 -3"><span class='ocrx_word' id='word_1_198' title='bbox 284 3032 436 3096; x_wconf 90' lang='lat' dir='ltr'><strong>vitandos</strong></span> <span class='ocrx_word' id='word_1_199' title='bbox 460 3055 545 3096; x_wconf 87' lang='lat' dir='ltr'><strong>esse.</strong></span> 
     </span>
    </p>
   </div>
   <div class='ocr_carea' id='block_1_3' title="bbox 1624 723 1628 1499">
    <p class='ocr_par' dir='ltr' id='par_1_5' title="bbox 1624 723 1628 1499">
     <span class='ocr_line' id='line_1_26' title="bbox 1624 723 1628 1499; baseline 0 0"><span class='ocrx_word' id='word_1_200' title='bbox 1624 723 1628 1499; x_wconf 95' lang='lat' dir='ltr'><strong> </strong></span> 
     </span>
    </p>
   </div>
   <div class='ocr_carea' id='block_1_4' title="bbox 392 3137 1563 3228">
    <p class='ocr_par' dir='ltr' id='par_1_6' title="bbox 392 3137 1563 3228">
     <span class='ocr_line' id='line_1_27' title="bbox 392 3137 1563 3228; baseline 0.003 -25"><span class='ocrx_word' id='word_1_201' title='bbox 392 3137 485 3219; x_wconf 80' lang='lat' dir='ltr'><strong>Quae</strong></span> <span class='ocrx_word' id='word_1_202' title='bbox 499 3151 653 3204; x_wconf 90' lang='lat' dir='ltr'><strong>secuntur</strong></span> <span class='ocrx_word' id='word_1_203' title='bbox 666 3141 783 3204; x_wconf 91' lang='lat' dir='ltr'><strong>deinde</strong></span> <span class='ocrx_word' id='word_1_204' title='bbox 796 3137 848 3226; x_wconf 76' lang='lat' dir='ltr'><strong>(ari</strong></span> <span class='ocrx_word' id='word_1_205' title='bbox 864 3139 1024 3222; x_wconf 78' lang='grc' dir='ltr'><em>λεγόμενα</em></span> <span class='ocrx_word' id='word_1_206' title='bbox 1036 3139 1119 3203; x_wconf 79' lang='grc' dir='ltr'><strong><em>καλοὶ</em></strong></span> <span class='ocrx_word' id='word_1_207' title='bbox 1132 3139 1281 3223; x_wconf 77' lang='grc' dir='ltr'><strong><em>ὀνόματα</em></strong></span> <span class='ocrx_word' id='word_1_208' title='bbox 1296 3143 1358 3206; x_wconf 83' lang='grc'><strong>173</strong></span> <span class='ocrx_word' id='word_1_209' title='bbox 1368 3143 1455 3228; x_wconf 85' lang='lat' dir='ltr'><strong>sqq.)</strong></span> <span class='ocrx_word' id='word_1_210' title='bbox 1559 3167 1563 3176; x_wconf 95' lang='lat'>·</span> 
     </span>
    </p>
   </div>
   <div class='ocr_carea' id='block_1_5' title="bbox 281 3246 1457 3654">
    <p class='ocr_par' dir='ltr' id='par_1_7' title="bbox 281 3246 1457 3654">
     <span class='ocr_line' id='line_1_28' title="bbox 282 3246 1455 3335; baseline 0.004 -27"><span class='ocrx_word' id='word_1_211' title='bbox 282 3267 348 3309; x_wconf 92' lang='lat' dir='ltr'><strong>non</strong></span> <span class='ocrx_word' id='word_1_212' title='bbox 373 3248 479 3310; x_wconf 86' lang='lat' dir='ltr'><strong>minus</strong></span> <span class='ocrx_word' id='word_1_213' title='bbox 504 3270 601 3333; x_wconf 90' lang='lat' dir='ltr'><strong>quam</strong></span> <span class='ocrx_word' id='word_1_214' title='bbox 628 3257 736 3312; x_wconf 88' lang='lat' dir='ltr'><strong>cetera</strong></span> <span class='ocrx_word' id='word_1_215' title='bbox 760 3249 802 3313; x_wconf 91' lang='lat' dir='ltr'><strong>ad</strong></span> <span class='ocrx_word' id='word_1_216' title='bbox 826 3249 945 3313; x_wconf 90' lang='lat' dir='ltr'><strong>librum</strong></span> <span class='ocrx_word' id='word_1_217' title='bbox 970 3250 1041 3331; x_wconf 76' lang='grc' dir='ltr'><em>περὶ</em></span> <span class='ocrx_word' id='word_1_218' title='bbox 1072 3246 1201 3333; x_wconf 77' lang='grc' dir='ltr'><em>χάριτος</em></span> <span class='ocrx_word' id='word_1_219' title='bbox 1225 3253 1380 3335; x_wconf 89' lang='lat' dir='ltr'><strong>scriptum</strong></span> <span class='ocrx_word' id='word_1_220' title='bbox 1406 3272 1455 3313; x_wconf 89' lang='lat' dir='ltr'><strong>re·</strong></span> 
     </span>
     <span class='ocr_line' id='line_1_29' title="bbox 281 3353 1456 3442; baseline 0.002 -25"><span class='ocrx_word' id='word_1_221' title='bbox 281 3353 350 3417; x_wconf 91' lang='lat' dir='ltr'><strong>dire</strong></span> <span class='ocrx_word' id='word_1_222' title='bbox 375 3353 537 3436; x_wconf 86' lang='lat' dir='ltr'><strong>videntur,</strong></span> <span class='ocrx_word' id='word_1_223' title='bbox 563 3378 601 3418; x_wconf 86' lang='lat' dir='ltr'><strong>ac</strong></span> <span class='ocrx_word' id='word_1_224' title='bbox 638 3357 723 3418; x_wconf 91' lang='lat' dir='ltr'><strong>scitu</strong></span> <span class='ocrx_word' id='word_1_225' title='bbox 755 3356 982 3440; x_wconf 88' lang='lat' dir='ltr'><strong>dignissimum</strong></span> <span class='ocrx_word' id='word_1_226' title='bbox 1017 3367 1066 3421; x_wconf 90' lang='lat' dir='ltr'><strong>est</strong></span> <span class='ocrx_word' id='word_1_227' title='bbox 1089 3379 1208 3420; x_wconf 89' lang='lat' dir='ltr'><strong>nomen</strong></span> <span class='ocrx_word' id='word_1_228' title='bbox 1238 3356 1456 3442; x_wconf 82' lang='lat' dir='ltr'><strong>Theophrasti</strong></span> 
     </span>
     <span class='ocr_line' id='line_1_30' title="bbox 282 3460 1457 3548; baseline 0.004 -26"><span class='ocrx_word' id='word_1_229' title='bbox 282 3460 335 3522; x_wconf 88' lang='lat' dir='ltr'><strong>hic</strong></span> <span class='ocrx_word' id='word_1_230' title='bbox 362 3463 477 3525; x_wconf 90' lang='lat' dir='ltr'><strong>iterum</strong></span> <span class='ocrx_word' id='word_1_231' title='bbox 503 3463 624 3544; x_wconf 86' lang='lat' dir='ltr'><strong>afferri;</strong></span> <span class='ocrx_word' id='word_1_232' title='bbox 650 3472 683 3525; x_wconf 92' lang='lat' dir='ltr'><strong>at</strong></span> <span class='ocrx_word' id='word_1_233' title='bbox 707 3485 781 3527; x_wconf 89' lang='lat' dir='ltr'><strong>oum</strong></span> <span class='ocrx_word' id='word_1_234' title='bbox 806 3463 846 3525; x_wconf 88' lang='lat' dir='ltr'><strong>ad</strong></span> <span class='ocrx_word' id='word_1_235' title='bbox 871 3462 1008 3528; x_wconf 88' lang='lat' dir='ltr'><strong>ridicula</strong></span> <span class='ocrx_word' id='word_1_236' title='bbox 1032 3464 1114 3527; x_wconf 91' lang='lat' dir='ltr'><strong>haec</strong></span> <span class='ocrx_word' id='word_1_237' title='bbox 1139 3466 1194 3525; x_wconf 90' lang='lat' dir='ltr'><strong>vix</strong></span> <span class='ocrx_word' id='word_1_238' title='bbox 1219 3464 1412 3548; x_wconf 83' lang='lat' dir='ltr'><strong>pertineant,</strong></span> <span class='ocrx_word' id='word_1_239' title='bbox 1438 3487 1457 3527; x_wconf 87' lang='lat' dir='ltr'><strong>a</strong></span> 
     </span>
     <span class='ocr_line' id='line_1_31' title="bbox 282 3567 704 3654; baseline 0 -24"><span class='ocrx_word' id='word_1_240' title='bbox 282 3567 377 3631; x_wconf 90' lang='lat' dir='ltr'><strong>uobis</strong></span> <span class='ocrx_word' id='word_1_241' title='bbox 401 3569 533 3654; x_wconf 85' lang='lat' dir='ltr'><strong>neglegi</strong></span> <span class='ocrx_word' id='word_1_242' title='bbox 557 3579 704 3654; x_wconf 87' lang='lat' dir='ltr'><strong>possunt.</strong></span> 
     </span>
    </p>
   </div>
   <div class='ocr_carea' id='block_1_6' title="bbox 274 3780 1460 4512">
    <p class='ocr_par' dir='ltr' id='par_1_8' title="bbox 274 3780 1460 4512">
     <span class='ocr_line' id='line_1_32' title="bbox 392 3780 1457 3869; baseline 0.003 -25"><span class='ocrx_word' id='word_1_243' title='bbox 392 3780 460 3844; x_wconf 89' lang='lat' dir='ltr'><strong>lam</strong></span> <span class='ocrx_word' id='word_1_244' title='bbox 495 3782 535 3844; x_wconf 89' lang='lat' dir='ltr'><strong>de</strong></span> <span class='ocrx_word' id='word_1_245' title='bbox 564 3783 672 3846; x_wconf 89' lang='lat' dir='ltr'><strong>indole</strong></span> <span class='ocrx_word' id='word_1_246' title='bbox 698 3783 854 3847; x_wconf 88' lang='lat' dir='ltr'><strong>librorum</strong></span> <span class='ocrx_word' id='word_1_247' title='bbox 878 3783 1180 3869; x_wconf 80' lang='lat' dir='ltr'><strong>Peripateticorum,</strong></span> <span class='ocrx_word' id='word_1_248' title='bbox 1217 3785 1336 3868; x_wconf 86' lang='lat' dir='ltr'><strong>quibus</strong></span> <span class='ocrx_word' id='word_1_249' title='bbox 1362 3807 1457 3848; x_wconf 88' lang='lat' dir='ltr'><strong>usum</strong></span> 
     </span>
     <span class='ocr_line' id='line_1_33' title="bbox 274 3874 1458 3977; baseline 0.003 -25"><span class='ocrx_word' id='word_1_250' title='bbox 274 3874 362 3952; x_wconf 33' lang='lat' dir='ltr'><strong>&#39;esse</strong></span> <span class='ocrx_word' id='word_1_251' title='bbox 392 3890 594 3952; x_wconf 89' lang='lat' dir='ltr'><strong>Demetrium</strong></span> <span class='ocrx_word' id='word_1_252' title='bbox 620 3892 801 3966; x_wconf 85' lang='lat' dir='ltr'><strong>statuimus,</strong></span> <span class='ocrx_word' id='word_1_253' title='bbox 829 3889 1056 3954; x_wconf 88' lang='lat' dir='ltr'><strong>disserendum</strong></span> <span class='ocrx_word' id='word_1_254' title='bbox 1082 3890 1177 3954; x_wconf 88' lang='lat' dir='ltr'><strong>nobis</strong></span> <span class='ocrx_word' id='word_1_255' title='bbox 1202 3901 1300 3972; x_wconf 83' lang='lat' dir='ltr'><strong>esset,</strong></span> <span class='ocrx_word' id='word_1_256' title='bbox 1326 3894 1354 3955; x_wconf 88' lang='lat' dir='ltr'><strong>si</strong></span> <span class='ocrx_word' id='word_1_257' title='bbox 1378 3892 1458 3977; x_wconf 93' lang='lat' dir='ltr'><strong>quid</strong></span> 
     </span>
     <span class='ocr_line' id='line_1_34' title="bbox 285 3996 1457 4084; baseline 0.003 -26"><span class='ocrx_word' id='word_1_258' title='bbox 285 3999 473 4059; x_wconf 88' lang='lat' dir='ltr'><strong>coniectura</strong></span> <span class='ocrx_word' id='word_1_259' title='bbox 497 3997 645 4081; x_wconf 83' lang='lat' dir='ltr'><strong>expediri</strong></span> <span class='ocrx_word' id='word_1_260' title='bbox 669 4008 792 4081; x_wconf 89' lang='lat' dir='ltr'><strong>posset.</strong></span> <span class='ocrx_word' id='word_1_261' title='bbox 841 3996 907 4061; x_wconf 87' lang='lat' dir='ltr'><strong>Sed</strong></span> <span class='ocrx_word' id='word_1_262' title='bbox 931 4019 1008 4060; x_wconf 91' lang='lat' dir='ltr'><strong>num</strong></span> <span class='ocrx_word' id='word_1_263' title='bbox 1033 3996 1106 4082; x_wconf 90' lang='lat' dir='ltr'><strong>plus</strong></span> <span class='ocrx_word' id='word_1_264' title='bbox 1137 3997 1200 4061; x_wconf 89' lang='lat' dir='ltr'><strong>dici</strong></span> <span class='ocrx_word' id='word_1_265' title='bbox 1225 4007 1334 4083; x_wconf 90' lang='lat' dir='ltr'><strong>potest</strong></span> <span class='ocrx_word' id='word_1_266' title='bbox 1361 4021 1457 4084; x_wconf 88' lang='lat' dir='ltr'><strong>quarn</strong></span> 
     </span>
     <span class='ocr_line' id='line_1_35' title="bbox 288 4102 1459 4190; baseline 0.003 -25"><span class='ocrx_word' id='word_1_267' title='bbox 288 4102 328 4165; x_wconf 92' lang='lat' dir='ltr'><strong>de</strong></span> <span class='ocrx_word' id='word_1_268' title='bbox 354 4105 489 4166; x_wconf 87' lang='lat' dir='ltr'><strong>materia</strong></span> <span class='ocrx_word' id='word_1_269' title='bbox 520 4124 583 4166; x_wconf 90' lang='lat' dir='ltr'><strong>usu</strong></span> <span class='ocrx_word' id='word_1_270' title='bbox 620 4102 754 4167; x_wconf 87' lang='lat' dir='ltr'><strong>sedibus</strong></span> <span class='ocrx_word' id='word_1_271' title='bbox 788 4106 914 4166; x_wconf 85' lang='lat' dir='ltr'><strong>venusti</strong></span> <span class='ocrx_word' id='word_1_272' title='bbox 952 4114 983 4166; x_wconf 91' lang='lat' dir='ltr'><strong>et</strong></span> <span class='ocrx_word' id='word_1_273' title='bbox 1010 4103 1139 4167; x_wconf 90' lang='lat' dir='ltr'><strong>ridiculi</strong></span> <span class='ocrx_word' id='word_1_274' title='bbox 1167 4104 1239 4168; x_wconf 93' lang='lat' dir='ltr'><strong>illos</strong></span> <span class='ocrx_word' id='word_1_275' title='bbox 1266 4108 1384 4190; x_wconf 82' lang='lat' dir='ltr'><strong>egisse,</strong></span> <span class='ocrx_word' id='word_1_276' title='bbox 1419 4129 1459 4168; x_wconf 87' lang='lat' dir='ltr'><strong>ac</strong></span> 
     </span>
     <span class='ocr_line' id='line_1_36' title="bbox 291 4209 1457 4298; baseline 0.003 -26"><span class='ocrx_word' id='word_1_277' title='bbox 291 4209 388 4272; x_wconf 92' lang='lat' dir='ltr'><strong>sedes</strong></span> <span class='ocrx_word' id='word_1_278' title='bbox 424 4211 456 4272; x_wconf 93' lang='lat' dir='ltr'><strong>in</strong></span> <span class='ocrx_word' id='word_1_279' title='bbox 485 4211 674 4273; x_wconf 89' lang='lat' dir='ltr'><strong>universum</strong></span> <span class='ocrx_word' id='word_1_280' title='bbox 707 4213 751 4275; x_wconf 88' lang='lat' dir='ltr'><strong>ita</strong></span> <span class='ocrx_word' id='word_1_281' title='bbox 787 4211 963 4297; x_wconf 90' lang='lat' dir='ltr'><strong>dispositas</strong></span> <span class='ocrx_word' id='word_1_282' title='bbox 1000 4212 1102 4274; x_wconf 89' lang='lat' dir='ltr'><strong>fuisse</strong></span> <span class='ocrx_word' id='word_1_283' title='bbox 1140 4221 1174 4274; x_wconf 87' lang='lat' dir='ltr'><strong>ut</strong></span> <span class='ocrx_word' id='word_1_284' title='bbox 1214 4213 1302 4298; x_wconf 91' lang='lat' dir='ltr'><strong>apud</strong></span> <span class='ocrx_word' id='word_1_285' title='bbox 1336 4213 1457 4276; x_wconf 91' lang='lat' dir='ltr'><strong>Deme-</strong></span> 
     </span>
     <span class='ocr_line' id='line_1_37' title="bbox 287 4315 1460 4401; baseline 0.002 -23"><span class='ocrx_word' id='word_1_286' title='bbox 287 4318 382 4380; x_wconf 90' lang='lat' dir='ltr'><strong>trium</strong></span> <span class='ocrx_word' id='word_1_287' title='bbox 408 4315 505 4381; x_wconf 85' lang='lat' dir='ltr'><strong>suut?</strong></span> <span class='ocrx_word' id='word_1_288' title='bbox 540 4317 613 4381; x_wconf 91' lang='lat' dir='ltr'><strong>Hoc</strong></span> <span class='ocrx_word' id='word_1_289' title='bbox 638 4341 736 4382; x_wconf 90' lang='lat' dir='ltr'><strong>uuum</strong></span> <span class='ocrx_word' id='word_1_290' title='bbox 761 4318 861 4383; x_wconf 88' lang='lat' dir='ltr'><strong>addo:</strong></span> <span class='ocrx_word' id='word_1_291' title='bbox 903 4321 966 4382; x_wconf 90' lang='lat' dir='ltr'><strong>nisi</strong></span> <span class='ocrx_word' id='word_1_292' title='bbox 989 4319 1157 4382; x_wconf 89' lang='lat' dir='ltr'><strong>traderent</strong></span> <span class='ocrx_word' id='word_1_293' title='bbox 1180 4329 1212 4382; x_wconf 91' lang='lat' dir='ltr'><strong>et</strong></span> <span class='ocrx_word' id='word_1_294' title='bbox 1235 4320 1309 4401; x_wconf 84' lang='grc' dir='ltr'><strong><em>περὶ</em></strong></span> <span class='ocrx_word' id='word_1_295' title='bbox 1331 4316 1460 4401; x_wconf 79' lang='grc' dir='ltr'><em>χάριτος</em></span> 
     </span>
     <span class='ocr_line' id='line_1_38' title="bbox 285 4422 1459 4512; baseline 0.003 -25"><span class='ocrx_word' id='word_1_296' title='bbox 285 4433 316 4488; x_wconf 92' lang='lat' dir='ltr'><strong>et</strong></span> <span class='ocrx_word' id='word_1_297' title='bbox 340 4424 411 4508; x_wconf 80' lang='grc' dir='ltr'><em>περὶ</em></span> <span class='ocrx_word' id='word_1_298' title='bbox 435 4422 558 4500; x_wconf 79' lang='grc' dir='ltr'><strong><em>γελοίου</em></strong></span> <span class='ocrx_word' id='word_1_299' title='bbox 605 4424 705 4489; x_wconf 92' lang='lat' dir='ltr'><strong>libros</strong></span> <span class='ocrx_word' id='word_1_300' title='bbox 730 4426 771 4490; x_wconf 88' lang='lat' dir='ltr'><strong>ab</strong></span> <span class='ocrx_word' id='word_1_301' title='bbox 796 4426 859 4490; x_wconf 89' lang='lat' dir='ltr'><strong>illis</strong></span> <span class='ocrx_word' id='word_1_302' title='bbox 877 4427 1016 4509; x_wconf 87' lang='lat' dir='ltr'><strong>scriptos</strong></span> <span class='ocrx_word' id='word_1_303' title='bbox 1042 4449 1128 4507; x_wconf 85' lang='lat' dir='ltr'><strong>esse,</strong></span> <span class='ocrx_word' id='word_1_304' title='bbox 1153 4427 1459 4512; x_wconf 89' lang='lat' dir='ltr'><strong>equidemputarem</strong></span> 
     </span>
    </p>
   </div>
   <div class='ocr_carea' id='block_1_7' title="bbox 0 0 1630 5082">
    <p class='ocr_par' dir='ltr' id='par_1_9' title="bbox 0 0 1630 5082">
     <span class='ocr_line' id='line_1_39' title="bbox 0 0 1630 5082; baseline 0 0"><span class='ocrx_word' id='word_1_305' title='bbox 0 0 1630 5082; x_wconf 95' lang='lat' dir='ltr'><strong> </strong></span> 
     </span>
    </p>
   </div>
  </div>
 </body>
</html>
