3252 5082
813 382 1032 447 -15-

441 560 649 652 Quamquam
672 562 758 625 risus
784 582 850 624 non
875 560 915 624 de
940 559 1102 624 industria
1117 569 1272 624 tractatur
1288 581 1309 624 a
1326 559 1504 634 Demetrio,

334 685 442 736 tamen
466 665 595 730 ridiculi
619 659 800 731 doctrinam
825 665 923 730 facile
947 668 1160 751 reperiemus.
1255 725 1257 734 1

442 775 515 839 Non
540 774 637 837 modo
659 775 693 836 in
718 795 757 838 eo
789 775 861 858 ipso
886 775 993 858 eapite
1018 773 1106 859 quod
1134 773 1203 836 dixi
1226 774 1337 838 insunt
1361 795 1445 859 quae
1468 775 1507 837 ad

335 891 478 945 nostram
496 883 666 944 materiam
690 883 884 966 pertineant,
902 880 962 944 sed
979 882 1076 945 etiam
1092 883 1124 944 in
1142 882 1181 943 iis
1199 903 1283 966 quae
1300 881 1506 964 antecedunt,

336 988 392 1052 ubi
416 990 523 1072 agitur
547 988 588 1052 de
612 1010 734 1072 genere
751 988 881 1071 frigido,
906 986 994 1071 quod
1011 989 1184 1073 opponitur
1206 985 1250 1070 τῷ
1273 985 1511 1070 μεγαλοπρεπεῖ

334 1095 518 1178 χαρακτῆρι.
554 1094 760 1160 Vocabulum
783 1091 908 1178 ψυχρός
932 1096 1039 1180 ipsum
1065 1093 1106 1157 ab
1131 1092 1307 1157 Aristotele
1331 1095 1374 1158 ad
1397 1117 1509 1180 perso-

336 1213 447 1265 natum
477 1202 683 1265 Demetrium
707 1204 901 1287 pervenisse
929 1210 1078 1287 apertum
1107 1213 1171 1283 est3
1207 1201 1360 1264 traditum
1396 1204 1426 1265 ei
1462 1213 1511 1265 est

336 1331 395 1394 per
419 1309 694 1394 Theophrastum,
719 1311 812 1372 cuius
838 1307 1061 1372 definitionem
1085 1308 1193 1374 adfert
1216 1311 1235 1388 ξ
1264 1310 1337 1372 114,
1378 1309 1509 1374 Deinde

337 1417 518 1480 sententiae
546 1415 687 1500 frigidae
718 1415 904 1500 exemplum
933 1415 1099 1500 profertur
1127 1414 1306 1502 hyperbole
1337 1416 1509 1500 quaedam,

337 1545 421 1608 quae
450 1546 526 1587 cum
558 1523 705 1586 trahatur
728 1523 762 1584 ἐκ
796 1521 853 1584 τοῦ
880 1518 1080 1606 ἀδυνάτουῑ),
1117 1531 1154 1585 ut
1186 1521 1316 1586 ridiculi
1338 1544 1446 1606 genus
1471 1545 1511 1586 ex

337 1639 477 1694 tractatu
502 1629 703 1694 Ooisliniano
727 1629 823 1693 nobis
852 1639 930 1693 nota
954 1639 1005 1693 est
1027 1639 1060 1692 et
1088 1631 1184 1693 etiam
1210 1629 1251 1693 ab
1276 1628 1453 1693 Aristotele
1476 1629 1511 1692 ἐν

336 1746 401 1807 τοῖς
423 1731 563 1808 ἀστείοις
586 1736 727 1801 affertur.

445 1861 598 1946 Sequitur
622 1871 812 1947 excerptum
838 1885 880 1925 ex
897 1861 1082 1926 Aristotelis
1107 1860 1161 1926 illo
1179 1864 1285 1946 capite
1302 1859 1395 1944 (rhet.
1413 1862 1511 1944 1113)

339 1968 380 2032 de
405 1991 469 2054 quo
495 1991 595 2054 supra
619 1972 756 2053 egimus,
780 1967 878 2032 foede
901 1969 936 2032 id
960 1969 1092 2055 quidem
1117 1968 1328 2058 mutilatum*

443 2077 461 2158 ξ
491 2077 550 2140 120
573 2076 756 2139 refutantur
779 2078 801 2139 ii
825 2077 881 2161 qui
904 2097 1043 2139 necesse
1068 2097 1144 2140 esse
1165 2076 1367 2140 contendunt
1389 2099 1510 2162 parvas

337 2205 390 2245 res
414 2205 547 2266 augere,
572 2205 610 2246 ao
634 2184 793 2267 repetitur
817 2205 857 2245 ea
880 2185 1043 2246 sententia
1067 2205 1164 2268 quam
1189 2183 1276 2267 apud
1300 2182 1510 2247 Aristotelem

336 2289 513 2352 identidem
530 2291 732 2353 invenimus:
756 2292 789 2353 in
807 2291 887 2352 iocis
905 2288 938 2353 id
953 2291 1149 2374 permissum
1168 2312 1242 2353 esse
1259 2289 1347 2375 quod
1363 2312 1511 2354 severam

338 2398 519 2460 orationem
542 2420 608 2460 non
635 2396 759 2460 deceat.

446 2504 597 2588 Denique
629 2507 648 2584 ξ
675 2505 739 2567 124
774 2503 953 2590 hyperbole
989 2505 1175 2568 accuratius
1211 2514 1375 2584 tractatur,
1413 2526 1509 2589 quarn

336 2614 420 2675 inter
443 2635 567 2695 genera
595 2610 733 2676 ridicula
763 2611 948 2674 habendam
986 2634 1062 2676 esse
1087 2620 1119 2674 et
1142 2620 1245 2676 testes
1270 2621 1347 2675 sunt
1380 2621 1511 2676 veteres

337 2718 484 2782 rhetores
509 2729 541 2781 et
568 2720 642 2806 ipsa
665 2741 719 2782 res
752 2717 827 2799 fert3
864 2731 1036 2804 praeterea
1071 2722 1210 2804 scriptor
1244 2721 1316 2804 ipse
1343 2718 1440 2782 huius
1463 2722 1522 2782 rei.

338 2849 399 2888 nos
415 2826 570 2890 admonet
593 2825 728 2909 (§126):
753 2821 809 2886 διὰ
824 2824 919 2888 τοῦτο
936 2822 973 2886 δὲ
996 2821 1137 2904 μάλιστα
1159 2824 1210 2886 καὶ
1234 2825 1265 2886 οἱ
1287 2823 1510 2910 κωμῳδοποιοὶ

338 2933 480 3013 χρῶνται
514 2927 608 3019 αὐτῇ,
646 2928 697 2993 ὅτι
731 2931 766 2994 ἐκ
799 2931 856 2993 τοῦ
882 2927 1049 2994 ἀδυνάτου
1082 2929 1272 3015 ἐφέλκονται
1306 2927 1343 2994 τὸ
1378 2931 1509 3009 γελοῖον.

340 3039 443 3104 Simul
469 3049 576 3103 autem
604 3040 724 3122 frigida
753 3049 804 3102 est
831 3038 1022 3124 hyperbole,
1053 3043 1132 3124 quin
1161 3041 1258 3103 etiam
1287 3038 1510 3124 frigidissima,

340 3169 405 3232 qua
435 3168 469 3209 re
498 3148 614 3210 iterum
647 3146 805 3209 discimus
840 3141 877 3206 τὸ
917 3142 1044 3231 ψυχρὸν
1078 3156 1111 3209 et
1144 3141 1181 3206 τὸ
1215 3145 1339 3222 γελοῖον
1374 3157 1511 3231 cognata

339 3255 452 3334 esse2).
499 3254 674 3317 Praeterea
698 3255 818 3338 optime
844 3252 1032 3334 illustratur,
1063 3275 1127 3339 quo
1153 3255 1356 3337 cognationis
1381 3253 1511 3318 vinculo

338 3356 376 3422 τὸ
400 3362 510 3441 χαρίεν
538 3372 570 3424 et
597 3356 635 3423 τὸ
661 3359 786 3437 γελοῖον
809 3363 893 3425 inter
924 3383 961 3425 se
987 3361 1199 3444 cohaereant3
1235 3384 1311 3425 nam
1335 3364 1432 3426 etiam
1456 3384 1510 3425 ve·

339 3469 470 3548 nustati,
494 3470 635 3533 sirecte
659 3468 846 3554 adhibetur,
872 3479 980 3554 potest
1003 3470 1128 3531 servire
1153 3467 1342 3554 hyperbole,
1367 3470 1400 3532 id
1424 3468 1512 3553 quod

340 3575 438 3638 docet
462 3575 648 3661 exemplum
679 3574 832 3661 Sapphus
857 3577 957 3659 (127).
1008 3575 1165 3639 Videmus
1195 3599 1259 3640 non
1288 3577 1386 3639 modo
1409 3577 1511 3639 risum

340 3682 418 3747 duci
439 3680 475 3743 ἐκ
496 3682 552 3746 τοῦ
578 3678 754 3764 ἀδυνάτου,
780 3683 950 3746 sedetiam
976 3679 1078 3765 χάριν,
1104 3692 1202 3768 atque
1225 3682 1331 3747 facilis
1355 3685 1511 3746 transitus

341 3788 456 3853 estad
479 3791 569 3874 ipsas
596 3786 736 3871 χάριτας.

447 3895 664 3961 Adivisione
699 3898 854 3960 materiae
889 3898 1015 3961 initium
1057 3900 1144 3984 capit
1183 3901 1334 3983 scriptor:
1375 3898 1442 3959 τῶν
1476 3895 1512 3960 δὲ
1615 3975 1616 3990 ,

340 4003 478 4085 χαρίτων
501 4005 536 4064 αἱ
557 4008 618 4085 μέν
640 4007 721 4067 εἶσιν
743 4002 883 4085 μείζονες
905 4005 957 4068 καὶ
982 4005 1176 4088 σεμνότεραι,
1212 4007 1248 4067 αἱ
1269 4005 1336 4067 τῶν
1360 4005 1512 4090 ποιητῶν,
1615 4011 1616 4036 l

450 4255 456 4282 ¹
489 4251 523 4306 cf.
579 4253 631 4305 125
643 4253 686 4307 26.

448 4259 469 4408 ²l
489 4257 578 4406 Quain
605 4267 775 4397 sehtentiam
798 4342 1007 4398 Aristotelicum
1035 4363 1097 4398 esse
1125 4347 1157 4398 ut
1184 4345 1254 4398 haec
1282 4345 1375 4399 omnia
1403 4347 1516 4416 saepius

341 4430 469 4485 diximus.
