3300 5074
798 383 1030 450 ·-58-

391 638 393 643 .
422 563 597 642 *Proxima
626 581 705 650 pars
734 559 787 653 (ἕξ
816 561 962 646 71-83)
992 562 1175 628 secundnm
1209 549 1281 626 eam
1316 561 1511 627 divisionem

335 670 496 756 disposita
513 677 572 752 est,
590 691 675 755 quae
691 667 921 756 proferebatur
937 672 958 750 ξ
978 670 1034 734 23:
1060 669 1168 733 aliena
1184 679 1240 732 aut
1254 660 1510 756 repehendimus

335 778 405 859 (71)
429 786 485 842 aut
508 773 690 841 refutamus
715 776 786 860 (72)
810 786 867 841 aut
897 775 1066 840 elevamus
1091 776 1161 861 (75)
1184 785 1241 840 aut
1267 775 1507 862 repercutimus

333 883 408 968 (78)
436 893 492 948 aut
520 881 683 948 eludimus
712 881 793 967 (79).
842 881 937 964 Quae
971 905 1095 967 genera
1130 881 1192 947 hoc
1228 881 1301 947 loco
1335 883 1369 945 in
1398 880 1509 968 plures

333 993 465 1076 species
489 989 691 1071 dividuntur,
715 988 805 1054 velut
828 990 981 1054 refutatio
1005 990 1112 1055 estin
1136 989 1288 1071 negando
1306 989 1384 1072 (72),
1399 988 1510 1053 redar-

334 1096 468 1183 guendo
497 1098 574 1180 (73),
612 1096 822 1161 defendendo
853 1095 934 1182 (74l3
971 1095 1120 1163 similiter
1147 1095 1300 1161 elevandi
1323 1095 1509 1182 complures

335 1206 466 1291 species
491 1204 738 1289 distinguuntur
760 1202 799 1290 ς)
824 1204 865 1268 75
891 1226 962 1291 sqq.
1008 1203 1116 1268 Etiam
1139 1202 1385 1289 repercutiendi
1408 1201 1510 1267 multa

332 1333 456 1396 genera
480 1333 556 1376 esse
581 1310 670 1395 dicit,
695 1331 834 1398 quorum
859 1321 968 1376 tamen
991 1333 1093 1376 unum
1116 1320 1253 1386 tantum¹
1272 1310 1376 1388 affelt,
1408 1319 1508 1395 atque

333 1417 488 1483 eludendi
512 1417 693 1505 compluria
715 1439 840 1503 genera
856 1428 1154 1484 commemorantur
1169 1416 1210 1504 ἕξ
1227 1418 1337 1504 79)80.
1382 1415 1509 1482 Adiun-

331 1536 452 1611 guntur
486 1524 606 1590 similia
642 1525 805 1612 quaedam
840 1546 976 1611 genera:
1017 1526 1239 1590 confessionis
1276 1522 1439 1588 simulatio
1477 1535 1510 1586 et

332 1634 409 1698 ‘non
432 1655 555 1718 negare
580 1631 668 1718 quod
692 1630 840 1697 obicitur’
866 1631 945 1719 (81).

438 1739 532 1804 Haec
548 1761 671 1824 genera
686 1741 796 1804 onmia
810 1741 927 1826 paneis
944 1741 1092 1825 exceptis
1109 1737 1278 1824 (stultitiae
1294 1737 1508 1824 reprehensio

332 1846 408 1923 280,
426 1845 646 1912 confessionis
663 1845 826 1912 simulatio
843 1845 922 1931 286)
940 1847 1028 1933 apud
1046 1846 1240 1911 Ciceronem
1256 1846 1384 1910 desunt.
1419 1844 1508 1924 Quid

331 1951 450 2038 igitur?
485 1954 571 2017 Num
606 1975 648 2017 ex
676 1953 809 2018 diverso
843 1954 933 2018 fonte
958 1952 1178 2033 Quintilianus
1213 1953 1298 2018 hanc
1327 1952 1509 2017 doctrinam

331 2058 463 2125 baurit‘l
486 2061 532 2124 At
547 2063 678 2126 omnino
695 2060 823 2125 ridiculi
840 2060 989 2125 doctrina
1011 2083 1077 2126 non
1101 2070 1166 2144 est3
1190 2081 1265 2124 nam
1281 2081 1391 2146 neque
1411 2081 1507 2144 argu-

330 2177 515 2232 mentorum
537 2166 602 2232 loci
625 2189 733 2252 neque
748 2165 954 2233 refutationis
978 2189 1102 2254 genera
1124 2167 1254 2232 ridiculi
1277 2189 1400 2252 genera
1416 2177 1508 2246 sunt;

331 2297 416 2361 quac
451 2276 561 2340 omnia
594 2274 670 2339 ideo
708 2285 949 2348 enumerantur,
980 2276 1068 2362 quod
1093 2277 1198 2339 exiis
1221 2273 1351 2339 ridiculi
1375 2276 1507 2341 occasio

331 2392 390 2446 est.
430 2382 519 2468 Ergo
536 2404 622 2446 nova
646 2382 687 2446 de
703 2381 842 2447 ridiculo
859 2382 1007 2447 doctrina
1030 2381 1085 2446 hic
1101 2384 1234 2447 omnino
1251 2403 1316 2446 non
1331 2380 1507 2468 profertur,

328 2498 426 2575 atque
450 2488 485 2553 id
507 2509 609 2553 nuum
637 2489 814 2575 quaeritur,
840 2500 948 2554 utrum
971 2491 1043 2575 ipse
1060 2487 1282 2570 Quintilianus
1309 2489 1397 2553 dieta
1422 2509 1507 2574 quae

330 2594 468 2661 collecta
502 2595 687 2682 reperiebat
720 2593 905 2661 secundum
930 2595 1138 2664 refutationis
1161 2619 1285 2682 genere
1309 2595 1510 2682 disposuerit

328 2724 371 2766 an
399 2702 560 2790 disposita
583 2704 776 2789 reppererit,
802 2703 890 2790 quod
915 2702 991 2767 mibi
1018 2704 1149 2789 quidem
1172 2703 1307 2768 nonita
1329 2701 1506 2767 verisimile

329 2831 406 2874 esse
422 2809 566 2891 videtur;
591 2810 652 2874 sed
673 2819 762 2875 certo
779 2821 972 2896 argumento
989 2822 1141 2875 neutrum
1157 2809 1365 2896 comprobari
1388 2818 1506 2896 potest.

330 2917 456 2981 Tamen
495 2917 582 2984 dicta
620 2915 676 2982 tali
714 2919 840 2983 ratione
880 2917 1023 2982 discreta
1045 2919 1150 2982 fuisse
1188 2919 1223 2981 in
1258 2915 1508 2982 collectionibus

329 3022 505 3088 concludat
529 3026 692 3111 quispiam
715 3046 757 3089 ex
780 3023 900 3090 talibus
924 3025 1035 3090 verbis
1060 3024 1170 3112 qualia
1193 3023 1276 3112 (76):
1306 3024 1377 3089 ‘hoc
1400 3046 1508 3109 genus

329 3133 408 3195 dieti
425 3153 633 3218 consequens
657 3142 778 3196 vocent
802 3132 956 3220 quidam'3
980 3155 1056 3196 nam
1079 3133 1167 3196 idem
1192 3132 1315 3196 dictum
1340 3131 1380 3196 ab
1404 3129 1507 3195 altero

282 3245 285 3251 '
329 3240 488 3325 scriptore
512 3240 546 3302 in
562 3248 829 3324 argumentorum
851 3239 935 3304 locis
958 3241 1103 3326 positum
1127 3263 1203 3304 esse
1227 3240 1357 3304 videtur
1380 3237 1509 3324 (eonse-

329 3368 435 3432 quens
469 3347 502 3410 in
531 3348 732 3431 argumentis
769 3356 819 3410 est
854 3347 874 3426 ξ
904 3347 961 3418 66,
999 3347 1096 3410 ef.V
1127 3345 1245 3433 10,74),
1275 3345 1316 3411 ab
1342 3345 1444 3410 altero
1473 3347 1509 3409 in

327 3453 533 3518 refutationis
556 3452 749 3539 generibus3
787 3452 937 3517 similiter
961 3476 1134 3518 causarum
1157 3453 1273 3518 relatio
1297 3463 1507 3541 potestesse

327 3559 480 3626 elevandi
502 3583 620 3646 genus,
637 3569 747 3647 potest
770 3583 847 3624 esse
862 3561 895 3624 in
912 3563 1125 3645 argumentis,
1165 3563 1210 3625 At
1225 3582 1424 3647 quamquam
1440 3582 1508 3625 non

329 3667 466 3733 dubium
502 3677 562 3748 est,
600 3670 678 3754 quin
714 3669 812 3732 etiam
847 3668 912 3732 illis
943 3668 1147 3754 temporibus
1183 3669 1343 3735 dictorum
1382 3689 1508 3752 genera

326 3775 430 3841 titulis
447 3773 688 3861 signaverint¹)‚
701 3785 809 3839 tamen
823 3775 1035 3840 collectiones
1047 3777 1093 3840 ita
1106 3777 1305 3862 compositas
1321 3774 1426 3840 fuisse
1441 3797 1508 3839 non

328 3881 571 3968 comprobatur,
599 3905 638 3946 ae
669 3904 736 3946 non
759 3881 895 3947 difficile
920 3893 971 3946 est
1003 3883 1181 3947 observare
1212 3882 1299 3946 idem
1329 3882 1450 3947 dictum
1475 3893 1508 3944 et

327 3990 404 4054 huic
429 3999 462 4053 et
484 3987 532 4054 illi
554 3991 669 4074 generi
692 3988 839 4054 adscribi
861 4012 971 4075 posse.

435 4095 625 4162 Secundum
649 4098 858 4183 partitionem
881 4098 900 4180 ᾗ
923 4097 965 4162 23
989 4119 1077 4161 nunc
1102 4097 1267 4181 agendum
1292 4107 1343 4161 est
1373 4096 1507 4160 derisu

435 4276 455 4340 1)
488 4273 522 4327 Ut
550 4273 625 4343 apud
653 4290 712 4341 nos,
741 4273 789 4327 ubi
818 4273 894 4326 dicta
921 4269 1038 4327 ridicula
1065 4272 1258 4343 proferuntur,
1288 4273 1366 4326 cuius
1394 4272 1506 4341 generis

325 4364 383 4417 sint
408 4361 492 4417 titulo
519 4361 644 4416 indicare
669 4363 770 4425 solent,
794 4363 882 4415 velut:
912 4362 1079 4416 ‘Passender
1102 4361 1269 4432 Vergleich',
1295 4363 1354 4430 ‘gut
1380 4359 1505 4428 pariert',

326 4453 455 4507 'bosbaft’
475 4453 540 4505 alia.
