3252 5082
781 373 999 437 „20-

384 605 388 612 .
410 554 600 617 Proximum
623 573 751 635 genus,
766 551 854 636 quod
877 553 910 615 in
933 561 1074 617 tractatu
1098 550 1298 618 Goisliniano
1323 561 1374 616 cst
1396 555 1477 616 inter

305 659 443 724 ridicula
466 654 537 721 α’πό
563 658 630 719 τῶν
653 653 853 739 πραγμάτων
868 659 1023 745 qnodque
1040 658 1080 722 ab
1097 658 1273 723 Aristotele
1290 654 1477 742 παράδοξον

304 776 440 830 vocatur
469 775 502 828 et
524 767 609 828 inter
631 762 824 829 facetiarum
839 786 971 848 genera
995 764 1158 851 profertur
1186 766 1232 851 (p.
1266 767 1381 830 1412a
1410 764 1475 848 25),

304 895 419 938 rursus
444 871 573 937 duobus
594 870 775 935 illustratur
791 871 961 957 exemplis,
980 895 1117 957 quorum
1141 875 1232 958 prius
1257 895 1299 936 ex
1322 872 1476 952 Homero,

305 980 445 1044 alterum
462 1002 504 1042 ex
520 977 742 1062 Aristophane
767 980 925 1062 originem
949 978 1055 1044 trahit.
1104 979 1178 1043 Hoc
1201 978 1303 1044 altero
1328 979 1477 1064 exemplo

305 1087 369 1151 duo
388 1085 491 1150 ‘simul
519 1107 642 1170 genera
669 1082 882 1166 illustrantur,
910 1097 1042 1170 praeter
1065 1083 1255 1168 παράδοξον
1279 1088 1376 1150 etiam
1401 1081 1477 1148 ἀνα·

306 1192 470 1276 actuata,
496 1214 581 1279 quae
603 1200 717 1275 γρῖφος
739 1199 887 1255 vocatur.
934 1188 1169 1255 Ἀνακολουθὶα
1192 1203 1300 1258 autem
1326 1194 1422 1258 etiam
1436 1194 1478 1254 vin

304 1310 443 1364 tractatu
460 1298 660 1364 Coisliniano
686 1320 760 1362 enm
781 1297 836 1362 illo
853 1300 961 1384 priore
976 1322 1099 1384 genere
1117 1302 1290 1364 coniuncta
1305 1302 1478 1379 invenitur,

305 1409 369 1471 nisi
394 1405 550 1492 quodibi
575 1405 748 1469 antecedit.

375 1530 600 1595 *Proximum
635 1552 741 1614 genus
772 1529 876 1614 (κοῖλα
905 1529 1000 1611 ὅμοια
1031 1531 1107 1615 154)
1141 1540 1315 1595 venustum
1348 1531 1477 1617 quidem

306 1648 367 1719 est,
396 1638 455 1701 sed
491 1639 595 1700 rarius
625 1637 764 1701 fortasse
800 1637 987 1720 ridiculum3
1024 1649 1132 1702 tamen
1165 1637 1337 1702 ridiculum
1370 1639 1477 1722 ipsum

308 1744 495 1830 exemplum
524 1754 583 1825 est,
610 1766 673 1828 quo
706 1740 723 1805 ὁ
746 1741 897 1822 βασιλεῦς
928 1741 945 1807 ὁ
971 1749 1070 1825 μέγας
1093 1755 1124 1809 et
1153 1741 1171 1808 ὁ
1194 1741 1315 1825 χειμών
1339 1741 1356 1806 ὁ
1383 1748 1479 1824 μέγας

306 1855 400 1916 inter·
414 1875 448 1915 se
474 1861 689 1937 opponuntur.
737 1851 855 1916 Melius
879 1875 932 1916 me
956 1853 1065 1918 iudice
1083 1876 1157 1917 cum
1173 1852 1287 1936 figuris
1305 1851 1477 1916 verborum

306 1960 368 2024 hoc
392 1981 497 2050 gepus
523 1957 749 2023 coniunxisset
772 1961 919 2045 scriptor,
947 1969 979 2024 et
1003 1959 1190 2045 exemplum
1215 1958 1349 2024 allatum
1374 1961 1478 2044 suspi-

306 2069 433 2131 cionem
485 2075 595 2130 movet
641 2064 726 2129 falsa
774 2075 898 2130 tantum
939 2070 1009 2131 eius
1055 2066 1273 2152 explicatione
1312 2089 1385 2130 eum
1425 2066 1478 2129 ad-

305 2173 439 2236 ductum
464 2195 550 2254 esse,
575 2182 611 2235 ut
634 2169 723 2234 κῶλα
746 2170 842 2252 ὅμοια
865 2173 919 2237 hic
942 2183 1110 2255 tractaret3
1135 2196 1210 2237 nam
1226 2173 1307 2236 mihi
1323 2183 1477 2237 venustas

307 2282 413 2366 potius
437 2282 472 2342 in
496 2301 534 2342 eo
559 2279 689 2342 videtur
713 2301 799 2360 esse,
826 2280 913 2365 quod
942 2279 1119 2344 dissimiles
1148 2303 1201 2344 res
1234 2279 1274 2344 ab
1305 2279 1478 2344 Aristotele

309 2389 404 2472 quasi
427 2384 552 2449 similes
578 2388 642 2449 sint
666 2386 886 2450 conferuntur.

414 2511 587 2574 Praeterea
599 2509 747 2574 ultimum
763 2532 868 2594 genus
887 2509 1080 2596 (κατηγορίαι
1094 2507 1375 2592 ἅπακεκραμμέναι
1394 2512 1478 2591 155),

309 2641 373 2704 quo
389 2617 519 2681 videtur
534 2618 712 2701 significari
728 2614 899 2701 ἐμφάσεως
923 2621 1051 2704 species
1077 2620 1238 2702 quaedam
1249 2620 1282 2702 ¹),
1308 2619 1480 2683 infeliciter

310 2726 469 2789 dirimitur
504 2724 544 2788 ab
581 2725 850 2789 antecedentibus
884 2747 959 2788 eum
994 2725 1113 2810 quibus
1149 2736 1321 2810 cognatum
1354 2738 1414 2806 est,
1447 2737 1480 2788 ut

310 2833 516 2915 coniungitur
540 2854 615 2894 cum
640 2830 795 2916 aHegoria
819 2856 838 2895 a
862 2832 1062 2912 Quintiliano
1086 2833 1243 2914 V13,69.

383 2955 384 2960 ’
415 2938 482 3002 lam
518 2941 670 3002 venimus
706 2939 748 3002 ad
783 2963 840 3002 eas
874 2935 1015 3020 χάριτας,
1054 2962 1136 3024 quae
1165 2942 1198 3003 in
1227 2940 1327 3004 rebus
1355 2943 1477 3025 positae

310 3057 394 3122 sunt,
424 3068 463 3108 ac
496 3068 561 3108 non
594 3068 653 3109 eae
677 3068 730 3109 res
755 3056 942 3127 tractantur,
969 3070 1052 3131 quae
1076 3046 1279 3110 vocabantur
1306 3045 1479 3130 πράγματα

309 3154 327 3235 ξ
353 3153 425 3229 132,
451 3151 511 3244 sed
535 3175 603 3234 eac,
622 3174 706 3236 quae
725 3153 905 3217 secundum
924 3176 1130 3217 communem
1146 3154 1327 3218 doctrinam
1345 3156 1478 3218 orationi

310 3262 446 3342 gratiam
471 3259 672 3344 praebentl).
722 3259 819 3340 Quod
843 3263 984 3324 maxime
1010 3260 1158 3325 efficiunt
1180 3261 1291 3341 μῦθος
1315 3272 1347 3326 et
1369 3283 1479 3345 παροι-

198 3409 200 3414 ,
308 3367 412 3447 piass),
443 3387 525 3452 quae
555 3389 628 3430 cum
656 3366 710 3430 illo
736 3369 888 3452 coniungi
913 3367 997 3431 solet
1024 3378 1135 3453 utpote
1158 3367 1280 3432 fabella
1303 3369 1478 3450 breviat),

309 3473 419 3553 μῦθος
435 3484 542 3538 autem
559 3476 592 3538 in
609 3473 691 3538 duas
709 3478 837 3558 species
860 3474 1024 3556 dividitur,
1048 3473 1191 3539 fabulam
1215 3477 1365 3539 traditam
1391 3473 1479 3558 (157)

311 3591 343 3643 et
366 3580 475 3644 fictam
500 3580 602 3665 (158).

416 3687 476 3750 His
500 3688 685 3751 adnectitur
708 3684 811 3772 φόβος
835 3685 1080 3768 οἷλλασσόμενος
1093 3689 1196 3774 (159),
1214 3689 1300 3775 quod
1316 3712 1422 3774 genus
1439 3689 1479 3754 ad

419 3973 439 4038 ¹)
459 3971 494 4025 cf.
516 3971 631 4036 Quintil.
651 3971 691 4024 IX
709 3972 778 4040 2,64.

417 4061 438 4126 ²)
458 4061 521 4114 Non
542 4061 618 4131 χάριν
642 4061 773 4114 dixerunt
796 4062 972 4131 posteriores,
993 4064 1041 4115 sed
1060 4061 1210 4130 γλυκίπητα,
1231 4063 1266 4118 cf.
1290 4063 1482 4130 Hermogenes

311 4150 357 4218 Sp.
377 4149 486 4216 11357,
505 4150 642 4204 Aristides
662 4151 708 4219 Sp.
727 4151 755 4204 Il
775 4150 828 4204 499
848 4150 930 4218 (534).
1019 4174 1021 4178 ·

419 4239 439 4306 ³)
458 4239 619 4293 Memineris
639 4241 722 4295 velim
739 4243 886 4312 παροιμίαν
909 4242 1052 4296 Athenaeo
1071 4245 1146 4297 testa
1168 4243 1197 4295 in
1217 4242 1403 4311 Theophrasti
1421 4248 1483 4312 περὶ

310 4327 411 4398 γελοίαν
429 4329 500 4382 libro
520 4331 673 4383 tractatam
692 4347 761 4384 esse.

322 4479 325 4486 ,
417 4421 439 4483 o
459 4419 493 4473 or
515 4418 629 4484 Quintil.
650 4419 673 4472 v
693 4421 779 4482 1121.
