3252 5082
865 395 1085 458 -2g-

386 594 417 633 τι
441 555 491 632 sai
517 567 630 650 αἶσχος
649 567 822 634 α’νώδυνον
845 573 898 632 aul
922 571 957 634 οἰ
983 569 1216 656 φθαρτικόνῑ).
1264 572 1361 637 Nulla
1389 584 1496 637 autem
1526 576 1556 636 in

388 701 422 741 re
451 677 569 741 melius
603 677 774 742 observari
808 688 927 764 potest,
964 689 1165 765 quantopere
1195 678 1309 744 Cicero
1345 680 1487 765 pendeat
1519 703 1557 742 ex

387 784 567 849 Aristotele
591 783 645 848 vel
662 807 704 848 ex
719 785 961 871 Peripateticis,
987 788 1042 871 qui
1065 788 1150 850 inter
1173 795 1347 873 utrumque
1373 789 1463 870 sunt,
1482 809 1556 850 vnam

388 894 415 954 si
439 892 506 957 hac·
525 893 558 955 in
582 914 629 973 re,
655 891 696 955 de
722 899 786 977 qua
809 892 971 979 permulta
995 895 1176 976 excogitari
1193 903 1225 956 et
1242 893 1361 957 disseri
1378 898 1555 980 possunt2l,

385 997 467 1062 nihil
501 979 627 1084 profert
661 1001 724 1063 nisi
760 997 889 1064 illorum
922 998 1147 1064 definitionem
1179 999 1421 1082 brevissimam,
1458 1023 1498 1065 ne
1525 1003 1553 1063 in

387 1108 506 1169 ceteris
530 1105 663 1190 quidem
687 1104 787 1169 rebus
812 1105 911 1195 alium
935 1106 1059 1170 fontem
1082 1093 1276 1170 adhibuisse
1305 1108 1471 1193 putandus
1500 1119 1555 1170 est.

492 1229 602 1294 Tertio
626 1230 698 1294 loco
719 1232 893 1316 exponitur
905 1252 979 1294 esse
997 1234 1134 1295 oratoris
1151 1253 1285 1295 movere
1302 1235 1415 1312 risum,
1441 1256 1555 1296 causae

386 1338 580 1416 afferuntur;
606 1359 646 1399 ne
672 1337 734 1400 hoc
758 1336 891 1422 quidem
914 1337 1045 1422 neglegi
1068 1347 1196 1423 poterat
1219 1341 1252 1401 in
1275 1337 1369 1402 libris
1394 1340 1552 1425 Peripate-

385 1443 556 1526 ticoruml)
581 1440 688 1528 neque
713 1444 900 1527 neglectum
925 1454 975 1508 est
999 1444 1039 1508 ab
1064 1443 1286 1531 Aristotelefl.

491 1551 623 1614 Deinde
652 1553 827 1636 quaeritur,
864 1560 1025 1637 quatenus
1060 1551 1201 1616 ridicula
1235 1555 1354 1617 oratori
1390 1553 1554 1636 tractanda

386 1660 459 1740 sint,
485 1681 523 1721 ac
546 1656 765 1743 respondetur
781 1657 800 1742 ξ
817 1659 897 1722 238;
924 1661 974 1722 ‘ea
998 1656 1152 1721 facillime
1168 1658 1333 1740 luduntur,
1352 1680 1436 1743 quae
1452 1683 1554 1746 neque

385 1765 459 1828 odio
483 1787 603 1848 magno
628 1787 735 1850 neque
760 1765 987 1828 misericordia
1015 1768 1158 1829 maxima
1187 1765 1286 1848 digne
1311 1766 1406 1831 sunt'.
1455 1766 1554 1830 Etiam

385 1872 467 1934 tales
503 1894 556 1934 res
580 1870 621 1934 ab
646 1872 823 1935 Aristotele
848 1881 880 1934 et
903 1874 974 1935 eius
999 1872 1171 1957 discipulis
1200 1882 1337 1937 tractata
1360 1895 1436 1936 esse
1460 1896 1553 1960 supra

385 1978 535 2062 vidimus.
584 1977 649 2042 Sed
673 1988 709 2043 ut
729 1977 846 2043 Cicero
864 1979 905 2042 ad
922 1978 1005 2043 haec
1022 2001 1058 2042 se
1074 2002 1284 2044 reversurum
1303 2003 1377 2044 esse
1394 1984 1552 2067 promittit,

384 2088 432 2149 sic
453 2107 512 2148 nos
535 2107 664 2171 quoque
681 2108 750 2149 rem
768 2086 973 2149 differremus
982 2088 1014 2170 ⁵).
1052 2087 1137 2150 Tum
1155 2089 1241 2150 enim
1258 2088 1331 2172 ipsa
1346 2088 1552 2153 ridiculorum

383 2215 506 2277 genera
537 2202 725 2256 tractantur.
772 2193 903 2257 Initium
932 2203 1042 2257 autem
1070 2193 1106 2256 fit
1136 2193 1177 2258 ab
1206 2217 1245 2258 ea
1275 2195 1435 2258 divisione
1461 2218 1551 2282 quam

383 2301 548 2364 novimus:
575 2300 649 2363 ‘duo
674 2310 749 2364 sunt
773 2302 860 2364 enim
884 2321 1006 2385 genera
1028 2299 1230 2382 facetiarum,
1256 2324 1395 2387 quorum
1419 2302 1550 2366 alterum

382 2431 417 2470 re
442 2417 597 2471 tractatur
620 2406 757 2471 alterum
782 2408 879 2489 dicto,
904 2431 939 2471 re
965 2410 992 2471 si
1017 2407 1157 2494 quando'
1176 2429 1244 2494 eqs
1286 2409 1473 2495 Exspectes
1490 2421 1550 2473 tum

383 2516 566 2577 enumerari
602 2516 710 2578 omnia
745 2537 867 2599 genera
903 2537 987 2601 quae
1022 2538 1057 2578 re
1087 2517 1314 2580 contineantur
1342 2519 1386 2580 ita
1415 2527 1449 2581 ut
1478 2515 1550 2581 ordo

384 2643 480 2706 quem
494 2621 602 2684 adhuc
619 2621 868 2685 observavimus
877 2623 904 2704 ⁶)
914 2625 1109 2703 invematur,
1127 2623 1186 2686 sed
1203 2623 1267 2687 duo
1283 2634 1408 2688 tantum
1424 2632 1549 2708 genera.¹

490 2835 510 2899 ¹)
530 2832 667 2886 Nimirum
686 2833 768 2886 multi
786 2835 859 2887 haue
878 2833 1088 2886 similitudinem
1109 2838 1319 2903 perspexerunt,
1340 2835 1376 2888 of.
1391 2835 1549 2891 Volkmann.

381 2922 531 2975 Rhetorik²
548 2941 575 2990 p.
594 2921 656 2979 289.
688 2922 788 2976 Moneo
807 2940 852 2976 me
871 2923 985 2977 minime
1004 2924 1135 2977 omuibus
1154 2923 1222 2978 locis
1239 2925 1365 2992 indicare
1385 2943 1476 2995 posse,
1496 2925 1549 2994 quis

372 3011 504 3078 vquidque
531 3010 636 3079 primus
664 3011 812 3078 invenerit,
841 3015 873 3064 ut
899 3012 929 3064 in
956 3013 1163 3066 commentariis
1191 3013 1395 3069 rhetoricorum
1422 3015 1549 3069 librorum

382 3098 531 3165 Ciceronis,
543 3099 573 3152 in
586 3100 741 3170 Spaldingii
755 3101 878 3154 editione
892 3100 1057 3164 Quintiliani
1070 3101 1159 3155 multa
1172 3102 1258 3156 allata
1270 3106 1343 3165 sunt,
1358 3121 1430 3172 quae
1444 3109 1549 3173 reputa

381 3206 453 3256 quae
473 3190 604 3254 colligere
623 3191 765 3258 corrigere
785 3208 888 3260 augere
908 3192 1036 3244 nostrum
1056 3192 1225 3259 putavimus.

488 3279 509 3345 ²²)
530 3278 608 3343 Quod
628 3279 789 3333 demonstro
803 3281 931 3348 exemplo
945 3278 1036 3333 Caroli
1048 3280 1115 3334 Julii
1128 3281 1255 3335 Weberi:
1281 3283 1468 3348 Demokritos,
1489 3285 1549 3337 oder

380 3367 585 3420 hinterlassene
605 3369 724 3438 Papiere
743 3370 820 3422 eines
839 3370 995 3424 lachenden
1015 3369 1212 3439 Philosophen.

489 3457 509 3524 ³)
528 3457 565 3510 At
587 3473 605 3510 a
627 3459 822 3526 Peripateticis
847 3475 903 3512 non
928 3460 1158 3514 solumoratoris
1182 3462 1321 3514 rationem
1344 3463 1471 3516 habitam
1496 3476 1547 3517 esso

380 3549 457 3613 puto,
477 3547 526 3600 sed
550 3547 673 3600 omnium
691 3548 848 3612 hominum;
869 3548 904 3602 cf.
924 3550 938 3615 ᾗ
957 3549 1023 3602 271:
1048 3549 1086 3602 ‘et
1103 3549 1217 3604 hercule
1237 3551 1330 3604 omnia
1349 3551 1427 3618 haec,
1447 3565 1546 3620 quaet

380 3652 425 3686 me
445 3635 481 3688 de
499 3635 609 3688 facetiis
624 3635 811 3706 disputantur,
824 3654 881 3690 non
893 3636 1001 3690 maiora
1013 3637 1165 3692 forensium
1180 3639 1322 3693 actionum
1335 3657 1419 3707 quam
1431 3642 1547 3694 omniurn

381 3741 539 3777 sermonum
558 3725 738 3778 condimenta
757 3725 838 3779 sunt'.

487 3815 510 3880 4)
530 3813 601 3866 rhet.
626 3833 651 3883 p.
678 3813 771 3867 1419b
796 3815 825 3866 2:
852 3820 912 3885 περὶ
932 3813 959 3867 δὲ
978 3823 1029 3868 τῶν
1047 3815 1163 3885 γελοίων,
1184 3815 1273 3886 ἐπειδή
1295 3839 1355 3871 τινα
1374 3817 1447 3872 δοκεῖ
1463 3823 1546 3888 χρῆσιν

379 3902 446 3967 ἔχειν
464 3902 563 3959 ἐντοῖς
581 3899 664 3972 ἀγῶσι
682 3902 736 3955 κτλ.
1415 3914 1416 3922 ’

487 3993 507 4057 ⁵l
528 3992 596 4046 Oum
610 3991 751 4046 Ciceronis
770 3993 863 4047 verbis
882 3995 970 4061 (238):
991 4000 1084 4063 ‘quam
1103 3997 1138 4049 ob
1158 4015 1218 4050 rem
1236 3998 1369 4051 materies
1388 3999 1477 4052 omnis
1489 3993 1544 4050 ridi-

380 4082 506 4136 culorum
534 4084 577 4134 est
603 4082 632 4133 in
655 4082 690 4134 iis
716 4082 801 4146 vitiis,
825 4095 898 4150 quae
921 4087 987 4137 sunt
1010 4085 1039 4137 in
1058 4085 1118 4138 vita
1136 4087 1293 4148 hominum;
1314 4086 1388 4154 (239)
1408 4091 1450 4142 est
1470 4087 1542 4142 etism

380 4170 569 4224 deformitatis
588 4175 617 4224 et
635 4172 758 4240 corporis
778 4172 910 4226 vitiorum
929 4175 997 4227 satis
1017 4176 1092 4229 bella
1112 4176 1243 4230 materies
1263 4177 1298 4230 ad
1316 4177 1474 4231 iocandum‘
1488 4175 1542 4244 epit

380 4263 576 4329 comparantur
599 4261 668 4314 haec
692 4263 779 4315 verba
801 4265 939 4316 tractatus
964 4261 1124 4317 Coisliniani
1143 4265 1170 4336 (ξ
1190 4266 1230 4334 5):
1260 4265 1275 4316 b
1294 4266 1422 4320 σκώπτων
1444 4265 1542 4334 ἐλέγχειν

381 4348 453 4402 otte
476 4349 655 4418 ἁμαρτήματα
678 4359 722 4415 τῆς
744 4360 826 4420 ψυχῆς
844 4357 889 4407 καὶ
907 4355 952 4404 τοῦ
972 4349 1102 4420 stipatum
1122 4355 1156 4407 cf,
1178 4355 1263 4408 etiam
1283 4356 1355 4410 Plut.
1376 4357 1393 4409 l.
1414 4374 1436 4411 o.
1457 4376 1478 4413 c.
1496 4349 1540 4405 8'9·

486 4440 506 4509 ⁶)
528 4439 638 4493 Genera
659 4443 808 4494 verborum
827 4442 920 4509 priore
941 4442 1001 4495 loco
1020 4444 1137 4496 tractari
1157 4444 1288 4498 solebant
