3252 5082
683 1403 726 1466 Il.

168 1598 320 1695 cicaro
353 1577 563 1698 Romanis
595 1599 732 1694 haiil
764 1597 1154 1716 Peripateticorum
1187 1603 1241 1698 ic

465 1741 650 1836 fidicula
684 1741 939 1838 doctrinan.

483 1918 536 2001 (de
561 1928 640 1982 orat.
666 1918 699 1981 Il
723 1917 924 2006 alo-289).

223 2061 393 2127 Ciceronis
419 2060 459 2124 de
483 2059 614 2124 ridiculi
638 2061 825 2146 disputatio,
855 2085 939 2148 quae
973 2062 1067 2126 alteri
1096 2064 1137 2127 dc
1161 2074 1289 2128 oratore

108 2169 197 2233 libro
213 2172 338 2232 inserta
358 2178 417 2250 est,
442 2178 478 2232 ut
494 2169 656 2232 Demetrii
671 2168 743 2252 περὶ
760 2165 888 2251 χάριτος
905 2181 1061 2256 excerpta
1078 2192 1154 2234 cum
1170 2174 1290 2235 ceteris

107 2275 262 2363 partibus
303 2277 401 2340 totius
441 2277 551 2360 operis
591 2285 656 2338 tam
702 2275 820 2339 leviter
867 2297 994 2341 conexa
1040 2287 1090 2341 est
1099 2279 1130 2361 ¹),
1179 2287 1214 2342 ut
1250 2281 1290 2341 iis

107 2382 274 2468 neglectis
298 2385 430 2446 tractari
453 2385 567 2469 possit.
606 2382 703 2462 Quod
726 2381 780 2446 vel
803 2405 843 2446 ca
867 2406 903 2447 re
929 2382 1080 2465 efficitur,
1106 2385 1291 2470 quodcum

108 2501 226 2556 cetera
260 2489 301 2555 ab
330 2491 472 2555 Antonio
497 2501 529 2554 ct
559 2489 681 2555 Crasso
718 2501 932 2577 exponantur,
968 2493 1003 2554 in
1032 2491 1083 2555 his
1113 2491 1291 2557 Caesarem

105 2598 301 2684 loquentem
325 2598 451 2662 inducit
474 2600 624 2683 scriptor.
687 2597 848 2683 Apertum
879 2621 977 2683 porro
1007 2607 1058 2662 est
1086 2621 1128 2662 ex
1156 2600 1289 2684 proprio

108 2705 256 2791 quodam
274 2706 364 2769 fonte
381 2705 466 2769 hanc
482 2705 663 2769 doctrinam
680 2705 829 2769 haustam
844 2727 930 2781 esse,
948 2714 981 2770 et
992 2705 1067 2771 ideo
1083 2708 1289 2791 potissimum

108 2811 248 2877 uberius
277 2811 318 2876 de
347 2812 397 2876 his
427 2813 560 2876 disserit
588 2815 738 2898 scriptor,
774 2812 862 2898 quod
897 2816 931 2877 in
962 2813 1087 2877 artibus
1115 2812 1291 2878 rhetoricis

107 2917 287 2983 ridiculum
311 2941 376 2984 non
404 2920 509 2984 fusius
538 2921 779 3004 tractabatur2).
826 2920 1076 3005 Peripateticum
1108 2921 1290 2985 doctrinam

109 3025 254 3113 proferri
279 3049 298 3089 a
322 3027 483 3091 Cicerone
508 3027 690 3091 secundum
722 3049 761 3090 ea
791 3050 876 3113 quac
909 3027 949 3091 de
975 3027 1114 3092 Graccis
1146 3028 1291 3091 diximus

110 3135 247 3197 minime
272 3135 391 3198 mirum
424 3145 483 3205 est,
516 3156 624 3220 neque
650 3157 711 3218 ego
736 3137 859 3219 primus
885 3134 947 3198 hoc
975 3133 1163 3216 intellexit.
1223 3134 1290 3199 Sed

112 3251 214 3306 totam
243 3241 498 3327 disputationem
527 3241 671 3306 breviter
698 3252 936 3328 percensentes
966 3265 1005 3305 ac
1034 3265 1109 3306 cum
1139 3241 1289 3307 Graecae

112 3349 283 3412 doetrinae
306 3346 455 3435 reliquiis
480 3358 708 3435 comparantes
725 3351 913 3414 accuratius
930 3349 963 3412 id
979 3349 1288 3414 demonstrabimus.

222 3455 385 3519 Antonius
409 3479 480 3520 rem
496 3457 702 3520 tractandam
718 3458 871 3543 proponit
888 3455 1033 3534 Caesari,
1052 3459 1106 3542 qui
1123 3459 1290 3542 prooemio

112 3565 195 3626 satis
211 3563 309 3647 longo
327 3567 461 3648 exponit
476 3563 553 3628 talia
566 3586 631 3628 non
644 3575 712 3627 arte
724 3564 819 3646 tradi,
837 3565 898 3628 scd
911 3574 1047 3628 naturae
1061 3586 1137 3628 esse
1149 3566 1289 3650 propria.

112 3669 248 3734 Vidisse
273 3691 309 3734 se
334 3670 508 3735 confitetur
532 3671 702 3758 ‘quosdam
728 3670 877 3736 Graecos
907 3673 1084 3757 inscriptos
1117 3670 1218 3735 libros
1249 3671 1290 3736 de

111 3775 270 3841 ridiculis’
294 3788 391 3864 atque
415 3780 584 3842 invenisse
606 3778 755 3842 ‘ridicula
778 3789 810 3841 et
832 3777 921 3842 salsa
940 3777 1042 3842 multa
1059 3778 1290 3858 Graecorum’3

114 3883 176 3948 sod
205 3906 262 3948 eos
293 3886 347 3968 qui
380 3887 461 3948 ‘eius
490 3887 539 3948 rei
566 3887 725 3948 rationem
757 3885 921 3972 quandam
955 3894 1125 3969 artemque
1160 3886 1290 3949 tradere

114 3993 224 4054 conati
249 3990 333 4072 sint’‚
359 3991 454 4056 valde
479 3992 706 4078 reprehendit:
732 3992 791 4056 ‘sic
806 3991 923 4056 insulsi
940 3993 1126 4070 extiterunt,
1151 4001 1187 4055 ut
1209 3991 1291 4056 nihil

155 4119 327 4126 ...-.-.---

223 4170 243 4238 ¹)
264 4169 303 4220 At
324 4167 382 4221 noli
405 4170 506 4236 putare
529 4185 574 4220 me
597 4168 723 4221 iudicare
749 4169 784 4221 de
810 4171 871 4222 arto
891 4167 1109 4236 compositionis,
1130 4168 1290 4236 quassatis

112 4257 203 4310 multe
222 4257 297 4326 apud
317 4255 479 4312 Ciceronem
499 4261 550 4324 est,
569 4273 682 4326 prorsus
700 4258 776 4311 nulla
795 4257 869 4327 apud
888 4257 1071 4311 Demetrium.

224 4347 245 4412 ²)
264 4346 299 4402 cf.
320 4346 404 4416 Kroll‚
425 4348 494 4402 llius.
513 4346 603 4400 Rhsn.
624 4345 694 4399 1903
712 4364 737 4414 p.
758 4345 819 4399 573.

224 4437 246 4502 ³)
263 4435 298 4489 of.
318 4435 486 4506 Volkmann,
505 4436 656 4490 Rhetorik²
674 4455 700 4506 p.
720 4435 781 4490 289.
