3252 5082
802 398 1026 461 „12-

327 571 490 657 sensum1)
513 574 653 637 indicari
667 575 843 638 existimat
858 575 1062 661 Bernaysius
1086 573 1141 639 illa
1165 573 1328 638 divisione
1345 580 1502 642 tractatus,

326 678 537 747 Coleliniani:
575 679 667 766 φωνῇ
693 717 736 726 -
759 691 825 752 τοῖς
853 678 1028 758 ὁμογενέσι,
1059 689 1148 744 recte
1172 689 1207 743 ut
1230 681 1355 764 opinor.
1405 676 1501 757 Quod

327 788 355 850 si
379 785 572 872 accipimus,
601 785 762 850 habemus
794 789 827 851 in
851 787 999 872 catalogo
1024 797 1056 852 et
1079 809 1119 852 ea
1143 808 1226 873 quae
1256 794 1437 850 tractantur
1453 783 1499 848 ‘ab

327 892 503 957 Aristotele
527 895 634 978 capite
658 893 678 957 3
704 893 777 956 libri
801 893 821 958 3
846 896 924 957 artis
948 894 1132 958 rhetoricae
1141 897 1165 978 ἲ)
1190 902 1223 957 et
1246 915 1285 957 ea
1309 915 1394 978 quae
1418 901 1501 955 trac·

326 1011 435 1064 tantur
465 998 627 1086 ca'pitibus
653 1001 694 1064 21
722 1010 754 1064 et
777 1001 818 1064 22
849 1003 926 1064 artis
956 1003 1144 1087 poeticacll,
1181 1023 1265 1086 quae
1290 1000 1333 1064 ad
1356 1009 1501 1062 nostram

326 1109 494 1171 materiam
523 1109 686 1193 pertinere
717 1130 817 1193 supra
841 1107 995 1189 vidimus,
1031 1107 1190 1172 habemus
1225 1110 1259 1170 in
1283 1108 1396 1193 primis
1425 1105 1501 1170 ridi-

328 1212 434 1278 culam
457 1212 692 1298 metaphoram,
725 1235 823 1300 quam
847 1236 946 1298 aegre
971 1214 1246 1295 desideraremus,
1270 1213 1334 1277 nisi
1357 1213 1499 1277 adesset.

405 1318 1499 1407 DevivociscxipulsgencnonplaneconsentiocumBernaysio4).

326 1428 408 1490 Nam
427 1448 624 1513 quamquam
644 1429 713 1491 scio
730 1429 904 1492 verborum
922 1430 1045 1492 formas
1062 1429 1294 1512 grammaticas
1318 1426 1359 1491 ab
1376 1425 1500 1490 Aristo-

327 1533 390 1598 tele
415 1536 525 1598 vocari
542 1530 700 1616 σχήματα
724 1532 847 1617 λέξεως,
872 1546 982 1599 tamen
1008 1537 1104 1598 etiam
1133 1533 1264 1598 diverso
1290 1555 1391 1596 sensu
1415 1531 1501 1596 idem

327 1639 524 1705 vocabulum
541 1640 723 1718 adhibetur,
741 1645 795 1726 qui
814 1645 949 1730 propius
972 1641 1102 1706 accedit
1125 1641 1167 1705 ad
1187 1643 1404 1705 recentiorem
1429 1641 1498 1703 eius

327 1750 406 1811 vim:
444 1743 611 1819 ἀντίθεσις
644 1750 776 1834 proprie
813 1749 931 1813 dicitur
955 1749 1064 1832 σχῆμα
1087 1747 1201 1822 λέξεως
1223 1748 1302 1811 rhet.
1327 1747 1378 1810 Ill
1405 1747 1500 1831 1012.

329 1839 416 1919 1410
438 1855 459 1918 b
484 1855 526 1918 no
551 1855 604 1937 (af.
627 1855 709 1919 rhet.
734 1855 769 1918 u
794 1857 836 1919 τι
860 1879 890 1942 p.
919 1857 999 1920 1401
1029 1879 1048 1919 a
1073 1856 1181 1938 1-7).
1228 1855 1256 1918 n
1280 1855 1500 1938 grammaticis

327 1973 434 2026 autem
470 1960 584 2026 formis
613 1961 820 2049 verborum5)
856 1985 1018 2046 nusquam
1048 1965 1135 2026 risus
1165 1962 1293 2026 ducitur
1320 1964 1353 2026 in
1391 1961 1498 2046 dispu-

327 2069 505 2132 tationibus
530 2069 571 2132 de
587 2069 726 2136 ridiculo
742 2072 913 2150 institutis3
938 2081 970 2134 at
985 2065 1155 2141 ἀντίθεσις
1178 2072 1274 2133 etiam
1300 2091 1319 2132 a
1344 2069 1499 2133 Cicerone

328 2186 601 2240 commemoratur
634 2178 668 2240 in
703 2179 775 2262 ipso
810 2177 876 2241 fine
910 2199 1068 2262 generum
1102 2181 1136 2240 in
1165 2175 1274 2239 verbis
1310 2176 1498 2260 positorum.

327 2284 443 2368 Itaque
466 2282 553 2347 hune
570 2306 705 2348 sensum
722 2284 840 2348 melius
865 2284 1026 2370 quadrare
1051 2294 1128 2369 puto
1146 2306 1254 2368 neque
1275 2282 1398 2360 dubito,
1424 2281 1500 2366 quin

329 2414 365 2454 re
394 2412 473 2454 vera
507 2393 539 2456 in
569 2390 716 2475 catalogo
746 2391 857 2472 σχῆμα
891 2389 1005 2464 λέξεως
1041 2393 1083 2454 sit
1105 2385 1275 2461 ἀντίθεσις
1298 2387 1352 2452 vel
1376 2385 1498 2452 similes

327 2497 463 2581 figurae.

434 2621 472 2685 In
497 2625 604 2708 priore
628 2632 719 2708 parte
750 2622 889 2707 catalogi
917 2623 1088 2687 tractanda
1104 2621 1145 2686 de
1168 2621 1277 2685 indole
1302 2622 1372 2684 eius
1398 2619 1498 2682 disse-

327 2752 400 2793 rere
424 2751 490 2793 non
514 2753 596 2816 opus
621 2740 703 2813 erat3
727 2752 803 2793 nam
821 2753 863 2794 ex
879 2731 996 2794 iisdem
1011 2730 1188 2794 verborum
1203 2726 1381 2813 generibus
1406 2735 1500 2812 poeta

329 2838 475 2902 comicus
505 2846 536 2900 et
564 2847 672 2901 orator
700 2837 802 2901 risum
833 2838 966 2904 ducunt.
1013 2837 1052 2901 In
1079 2836 1179 2900 rebus
1207 2833 1369 2916 ridiculis,
1409 2855 1499 2920 prae·

329 2948 426 3030 cipue
451 2954 558 3009 autem
582 2946 615 3008 iu
639 2945 788 3029 gestibus
813 2954 844 3008 et
867 2945 964 3008 factis
988 2943 1103 3008 histrio
1126 2953 1157 3008 et
1178 2952 1286 3007 orator
1302 2940 1399 3005 valde
1419 2943 1500 3005 inter

329 3075 364 3115 se
393 3052 560 3131 differunt3
595 3074 670 3115 nam
700 3063 861 3116 oratorem
889 3053 1022 3114 minime
1052 3051 1156 3121 decet,
1189 3049 1277 3134 quod
1305 3051 1403 3112 mimo
1430 3068 1500 3133 per·

327 3160 471 3222 mittitur.
520 3157 586 3222 Sed
609 3181 675 3223 non
699 3158 806 3222 solum
829 3158 916 3222 facta
940 3167 972 3221 et
1000 3156 1130 3220 habitus
1163 3157 1309 3244 corporis
1337 3154 1500 3232 differunt,

328 3265 388 3329 sed
417 3266 513 3328 etiam
548 3275 739 3349 argumenta
768 3266 929 3352 quaedam
958 3264 1096 3328 ridicula
1126 3285 1267 3328 scaenae
1292 3263 1499 3340 conveniunt,

330 3373 449 3459 quibus
478 3381 585 3436 orator
616 3381 672 3437 aut
704 3375 835 3437 omnino
864 3374 910 3436 uti
934 3395 1000 3436 non
1027 3381 1136 3456 potest
1163 3379 1219 3434 aut
1246 3370 1377 3433 diverso
1406 3367 1499 3434 modo

328 3482 437 3544 utitur.
491 3479 682 3544 Meminisse
709 3483 807 3565 igitur
839 3489 967 3567 oportet
1001 3479 1087 3564 apud
1117 3476 1326 3542 Aristotelem
1369 3478 1402 3539 in
1434 3483 1499 3540 arte

329 3587 492 3651 rhetorica
524 3610 564 3652 ea
587 3597 710 3651 tantum
734 3586 874 3651 ridicula
896 3588 1038 3668 tractari,
1064 3608 1148 3670 quae
1172 3587 1291 3649 oratori
1314 3585 1389 3648 usui
1417 3591 1499 3660 sunt,

329 3693 500 3758 Ciceronis
525 3704 558 3758 et
581 3692 772 3774 Quintiliani
800 3703 957 3758 tractatus
987 3714 1069 3778 quos
1104 3693 1189 3756 infra
1225 3691 1445 3781 spectabimus
1468 3690 1500 3751 in

329 3907 504 3964 Demetrium
524 3907 557 3959 dc
578 3907 653 3969 eloe,
674 3906 721 3973 qui
739 3905 806 3957 inde
825 3921 841 3958 a
860 3905 875 3974 ξ
894 3905 927 3957 77
947 3922 1053 3973 genera
1072 3903 1163 3964 λέξεως
1181 3902 1371 3972 ἐξηλλαγμένης
1388 3903 1501 3964 tractet,

328 3998 357 4049 in
376 3997 477 4064 quibus
495 3995 571 4064 tropi
589 3996 735 4048 rhetorum
752 3993 834 4048 facile
854 3996 1054 4062 agnoscuntur.

437 4087 457 4151 ¹)
477 4085 514 4138 At
532 4088 629 4153 tropos
648 4084 699 4138 hos
718 4101 778 4138 esse
797 4100 853 4137 non
872 4083 1016 4152 perspexit
1035 4082 1212 4151 Bernaysius.

437 4175 457 4239 2)
478 4173 512 4227 cf.
532 4190 617 4242 supra
634 4192 661 4241 p.
682 4173 705 4225 6.

437 4264 457 4322 ³)
477 4262 512 4315 cf.
533 4279 617 4331 supra
635 4280 662 4331 p.
682 4263 706 4316 7.

436 4354 455 4416 ⁴)
475 4353 491 4405 l.
512 4369 534 4408 c.
554 4370 581 4420 p.
603 4351 711 4420 175s76.

436 4443 457 4506 ⁶)
478 4441 655 4511 Ambiguitas
675 4458 743 4495 sanc
763 4440 946 4509 frigidissima
965 4458 999 4492 ex
1015 4440 1058 4493 his
1078 4439 1155 4493 nasci
1173 4442 1276 4507 potest.
