3252 5082
611 403 828 467 ,ΙΙ-

125 579 218 645 bium
243 589 301 657 eat,
327 582 407 663 quin
423 602 504 644 voce
526 582 719 663 παρωνομοα
743 581 830 645 idem
854 581 1057 666 significetur
1073 581 1165 665 quod
1177 581 1303 646 Aristo·

125 686 211 752 teles
233 689 269 750 in
285 707 323 750 eo
341 688 447 772 capite
466 687 553 772 quod
569 689 781 752 tractavimus
803 685 893 763 (rhet.
910 687 963 750 ΙΙΙ
982 688 1034 771 11)
1053 686 1196 772 appellat
1212 693 1303 773 παρὰ

124 791 260 876 γράμμα
284 793 430 875 σκῶμμα,
457 792 545 878 quod
562 804 736 878 cognatum
760 803 811 858 est
827 816 901 857 cum
925 815 964 857 ea
980 793 1087 878 figura
1103 817 1201 879 quam
1227 795 1301 860 rhe-

125 913 217 965 tores
242 911 297 964 aut
319 901 565 984 παρονομοσίαν
581 910 637 964 aut
653 901 893 983 παρωνομίονῐ)
916 900 1157 986 vocaverunr).
1203 902 1302 966 Paro'-

124 1011 309 1072 nomasiam
333 1015 443 1071 autem
467 1007 571 1071 fuisse
588 1009 672 1070 inter
695 1006 786 1071 locos
802 1007 940 1088 ridiculi,
966 1009 995 1072 si
1017 1010 1203 1072 testimonio
1220 1030 1303 1094 opus

124 1125 187 1196 cst,
212 1121 373 1178 testantur
398 1113 516 1178 Cicero
541 1113 693 1195 (decrat.
717 1113 751 1177 II
775 1114 851 1199 256)
876 1124 908 1178 et
932 1113 1164 1197 Quintilianus,
1190 1117 1303 1201 quiin

123 1223 198 1307 ipsa
222 1221 354 1306 quidem
390 1221 431 1284 de
466 1222 536 1284 risu
561 1220 781 1306 disputatione
811 1220 873 1284 hoc
901 1219 1063 1286 vocabulo
1091 1245 1158 1286 non
1190 1225 1301 1300 utitur,

123 1328 187 1393 sed
215 1336 326 1414 aperte
361 1349 429 1390 rem
461 1335 589 1413 spectat
612 1330 631 1407 ξ
656 1327 714 1410 533
751 1327 857 1392 fusius
882 1327 922 1391 de
952 1326 1008 1391 illa
1031 1328 1138 1412 figura
1161 1329 1228 1414 agit
1252 1330 1302 1394 lX

124 1436 157 1516 3,
182 1435 226 1498 66
239 1458 311 1520 sqq.
497 1421 499 1424 ⁵

232 1542 506 1627 Hypocorismus,
540 1544 594 1627 qui
624 1540 806 1626 explicatur
830 1541 871 1604 ab
900 1544 971 1626 ipso
996 1541 1173 1607 Aristotele
1204 1543 1299 1629 (rhet.

123 1649 176 1712 ΙΙΙ
200 1650 232 1720 2,
256 1672 289 1734 p,
316 1649 401 1713 1405
425 1648 446 1711 b
470 1650 538 1728 28),
563 1672 583 1712 a
607 1647 768 1712 Cicerone
794 1659 825 1711 et
841 1647 1042 1728 Quintiliano
1067 1671 1134 1714 non
1158 1672 1300 1716 comme-

121 1765 282 1835 moratur,
321 1759 472 1821 nimirum
508 1755 665 1820 Romanis
700 1778 764 1819 non
803 1758 949 1839 ignotum
990 1766 1060 1820 erat
1097 1756 1160 1820 hoc
1194 1779 1299 1842 genus

122 1863 264 1943 iocandi,
301 1873 336 1926 ut
369 1866 402 1926 in
438 1862 493 1926 illa
515 1865 771 1947 interrogatione
793 1863 894 1943 ‘Quid
925 1864 1006 1944 fera,
1042 1859 1210 1945 Oinciole²,
1247 1868 1300 1929 cui

120 1970 341 2056 respondetur
356 1967 414 2034 ‘Ut
429 1991 531 2051 emas,
557 1969 626 2051 Oai,
652 1973 680 2033 si
696 1972 743 2033 uti
759 1966 852 2033 velis’
869 1970 999 2053 (Cicero
1017 1971 1057 2035 dc
1075 1981 1146 2035 orat
1171 1971 1299 2057 11286)

121 2077 230 2140 forma
253 2077 453 2140 deminutiva
477 2079 580 2140 risum
603 2100 739 2141 movere
763 2077 867 2141 voluit
890 2080 918 2141 is
944 2080 999 2162 qui
1023 2078 1252 2161 interrogabat.

232 2183 368 2248 Sextum
407 2207 512 2268 genus
552 2187 584 2247 in
624 2194 763 2248 tractatu
799 2184 999 2249 Coisliniano
1039 2195 1176 2248 vocatur
1214 2185 1295 2246 κατὰ

120 2289 314 2373 ἐξαλλαγήν,
338 2292 372 2354 in
396 2293 443 2354 Pa
466 2289 546 2352 κατὰ
569 2287 788 2375 scutrarum).
835 2291 947 2354 Unum
971 2290 1023 2354 vel
1043 2290 1179 2355 alterum
1205 2314 1299 2376 prae-

121 2397 296 2462 ferendum
322 2407 381 2478 est,
419 2419 457 2460 ac
481 2397 617 2461 dubium
642 2401 697 2460 vix
727 2408 786 2478 est,
824 2397 901 2483 quin
925 2420 1040 2462 verum
1065 2408 1233 2462 servatum
1256 2401 1299 2460 sit

123 2508 157 2570 in
182 2503 382 2570 Coisliniano
418 2515 566 2568 tractatu.
621 2504 718 2585 Quod
747 2517 870 2569 certum
903 2527 977 2568 esse
1014 2505 1186 2589 contendo,
1223 2507 1299 2590 quia

122 2635 189 2676 non
205 2635 288 2676 voce
304 2609 495 2694 truttam)
511 2611 706 2675 Aristoteles
724 2613 833 2682 utitur,
850 2614 909 2676 sed
926 2608 1097 2694 ἐξαλλαγή.
1124 2610 1300 2692 Quaeritur

121 2728 240 2800 autem,
277 2729 385 2782 utrum
414 2718 586 2802 exallagen
615 2741 716 2782 sensu
751 2722 884 2804 proprio
913 2721 1114 2804 accipiamus
1143 2718 1240 2804 (poet.
1266 2743 1296 2804 p.

123 2826 209 2890 1458
234 2849 253 2888 a
277 2827 319 2908 6),
357 2829 401 2890 ita
428 2836 464 2890 ut
493 2825 585 2911 quasi
616 2828 747 2911 species
780 2828 822 2889 sit
844 2828 1099 2912 paronymiae⁵)‚
1136 2849 1177 2890 an
1201 2827 1297 2892 latius

122 2955 194 2996 eam
218 2941 330 3016 patere
355 2942 520 3017 putemus,
549 2956 624 2998 nam
649 2933 810 2997 vocabulo
839 2932 1073 3016 ἐξηλλαγμένον
1097 2933 1296 2998 Aristoteles

121 3039 154 3102 id
183 3039 356 3123 significat,
393 3041 480 3124 quod
515 3041 715 3124 posteriores
752 3040 865 3104 dixere
898 3042 1066 3125 tropumss).
1114 3040 1296 3126 Utrumque

232 3200 249 3262 ¹)
269 3200 426 3268 παρανομία
449 3216 499 3266 pro
522 3200 709 3267 παρονομασία
729 3200 802 3268 apud
827 3215 910 3250 unum
932 3198 1060 3265 Aquilam
1080 3199 1238 3252 Romanum
1256 3199 1297 3251 in-

121 3287 203 3341 venio
223 3292 261 3356 (p.
280 3285 323 3354 30,
342 3287 377 3339 32
392 3287 494 3356 Halm),
513 3287 563 3340 ubi
583 3288 747 3340 emendant:
760 3289 954 3355 παρονομασία.
991 3287 1059 3340 Vice
1085 3305 1166 3342 versa
1184 3307 1297 3350 παρονο-

120 3378 205 3444 μασία
231 3393 283 3444 pro
303 3375 481 3430 Aristotelian
508 3379 665 3446 παρανομίᾳ
694 3379 737 3429 est
764 3378 839 3445 apud
857 3376 1038 3446 Tryphonem
1057 3377 1103 3446 Sp.
1124 3377 1167 3430 ΙΙΙ
1187 3397 1212 3446 p.
1235 3376 1295 3430 196.

123 3467 219 3520 Cicero
238 3465 381 3519 vocabulis
400 3465 586 3535 παράγραμμα
601 3468 630 3519 et
648 3466 835 3534 παρονομασία
853 3465 930 3519 idem
949 3467 1102 3539 significum
1123 3466 1158 3520 ci.
1179 3484 1241 3535 epp.
1260 3467 1296 3518 ad

120 3556 186 3610 lam.
207 3555 259 3607 VH
276 3554 320 3620 32,
340 3554 356 3606 2
376 3559 405 3608 et
425 3555 459 3608 de
480 3559 550 3608 orat.
569 3555 597 3608 ΙΙ
616 3555 678 3609 256.

227 3647 248 3710 ²)
269 3643 314 3696 Sic
333 3643 477 3698 Kaibelius
498 3661 607 3712 quoque-
629 3644 755 3698 iudicare
775 3645 895 3710 videtur,
920 3644 956 3698 cf.
985 3644 1197 3698 adnotationem
1216 3665 1241 3712 p.
1263 3643 1296 3696 19

122 3735 293 3789 collectionis
311 3737 544 3803 fragmentorum.

229 3827 249 3886 ³)
266 3823 305 3880 cf.
326 3825 451 3894 Bernays
470 3825 486 3877 l.
507 3842 530 3878 c.
549 3844 576 3894 p.
598 3824 649 3877 175
669 3843 733 3893 sqq3
762 3825 840 3878 cuius
860 3824 1080 3892 disputationem
1109 3841 1163 3876 non
1185 3823 1295 3876 novisse

121 3913 232 3966 videtur
250 3914 441 3968 Volkmannus
461 3913 623 3978 (Rhetorilr'
643 3931 669 3982 p.
688 3913 760 3980 288).

227 4005 248 4068 ⁴)
268 4002 366 4072 Neque
380 4022 448 4058 vero
462 4006 578 4059 verbum
592 4002 760 4057 ἐναλλάττειν
773 4004 940 4058 Aristoteles
953 4004 994 4058 ita
1009 4002 1134 4068 adhibet,
1147 4005 1180 4054 ut
1193 4001 1297 4056 habeat

121 4092 262 4159 proprium
283 4093 423 4160 quendam
442 4111 555 4146 sensum
573 4092 744 4146 rhetoricum
763 4094 808 4147 vel
826 4092 1050 4162 grammaticum.

227 4181 247 4249 ⁵)
267 4181 405 4238 ἐπέπασα
423 4186 455 4251 et,
471 4181 603 4249 ἀποκοπή,
624 4199 695 4250 quae
715 4185 781 4236 sunt
793 4183 901 4252 species
918 4182 1101 4251 paronymiae
1119 4181 1148 4234 in
1167 4183 1295 4235 tractatu

124 4269 298 4330 t'oisliniano.
319 4272 526 4340 coniunguntur
546 4288 609 4324 cum
630 4273 755 4340 exallage
773 4274 849 4340 poet.
868 4289 895 4340 p.
915 4270 985 4324 1458
1005 4271 1057 4325 52
1080 4270 1127 4335 (cf.
1142 4270 1210 4323 1457
1226 4271 1242 4323 5
1256 4270 1294 4336 2).

227 4361 249 4428 ⁸)
268 4359 304 4413 cf.
328 4362 402 4430 poet.
422 4378 450 4430 p.
471 4359 540 4413 1458
560 4377 576 4414 a
595 4361 639 4424 21,
657 4360 730 4413 rhet.
752 4360 821 4411 1404
840 4360 858 4413 5
877 4359 907 4430 83
926 4360 1035 4428 species
1052 4360 1208 4424 verborum,
1223 4375 1293 4426 quae

123 4456 184 4500 sunt
202 4451 279 4518 παρὰ
296 4450 329 4502 τὸ
348 4449 443 4519 κύριον,
463 4453 663 4504 enumerantur
682 4467 708 4518 p.
729 4449 799 4501 1457
817 4448 836 4501 5
856 4451 884 4505 1;
903 4451 1051 4516 praeterea
1069 4446 1196 4502 conferas
1211 4447 1293 4501 velim
