3252 5082
598 380 817 446 -57*

1 639 2 644 η
117 581 205 623 esse.
242 558 349 638 Quam
366 556 408 623 eb
425 581 560 623 causam
577 581 644 624 non
660 559 758 624 modo
784 582 898 624 omnes
915 559 989 624 illas
1014 561 1200 624 divisiones·
1219 582 1295 623 eum

1 735 2 740 η
113 665 251 737 fecisse,
276 664 460 729 sedetiam
484 665 572 730 dicte
596 667 733 730 ‘ratione
757 665 913 731 adhibita?
932 666 1139 752 disposuisse
1156 667 1293 731 conicio.

223 790 318 854 Nova
341 790 382 855 de
405 790 544 856 ridiculo
568 801 747 878 praecepta
771 794 869 856 etiam
898 792 931 854 in
960 791 1024 856 hac
1051 801 1144 877 parte
1173 792 1295 854 frustra

118 919 271 983 quaeras.
315 896 554 983 Exemplorum
569 907 679 963 autem
697 908 788 963 tanta
804 897 975 968 multitudo
993 900 1147 984 scriptori
1162 908 1295 984 praesto

1 1023 2 1042 ¹
114 1014 195 1088 erat,
223 1013 261 1068 ut
291 1006 364 1091 ipse
396 1005 460 1068 sibi
488 1007 585 1069 nimis
614 1005 793 1070 indulsisse
818 1005 969 1070 videatur
997 1007 1095 1069 iniis
1119 1004 1293 1069 afferendis

112 1111 199 1194 (65):
241 1110 394 1175 ‘onerabo
429 1111 549 1176 librum
584 1110 747 1198 exemplis
783 1111 990 1198 similemque
1024 1115 1075 1195 iis,
1117 1115 1172 1200 qui
1206 1113 1293 1176 risus

112 1220 222 1302 gratia
256 1227 504 1304 componuntur,
544 1219 698 1302 efficiam,
738 1222 767 1283 si
802 1222 957 1306 persequi
992 1218 1128 1290 voluero
1164 1214 1294 1302 singula

112 1325 284 1390 veterum!
332 1327 447 1412 Itaque
483 1336 611 1392 ceteros
648 1337 917 1412 argumentorum
951 1325 1042 1392 locos
1077 1349 1142 1392 non
1178 1348 1293 1391 omnes

113 1431 276 1518 exemplis
298 1431 439 1497 illustrat
462 1433 516 1498 vel
539 1436 647 1520 potius
673 1444 799 1500 ceteros
827 1433 931 1498 locos.
947 1437 982 1499 in
1009 1433 1106 1498 dictis
1131 1455 1292 1518 quaerere

113 1541 236 1604 desinit
252 1549 284 1604 et
299 1539 464 1604 affirmare
481 1544 560 1605 satis
578 1541 677 1605 habet
696 1564 738 1606 ex
757 1540 908 1606 omnibus
927 1542 1066 1606 eandem
1083 1541 1292 1604 occasionem

113 1669 206 1730 esse3
220 1647 309 1732 quod
321 1656 495 1734 postquam
507 1648 743 1713 demonstravit
754 1648 904 1735 exemplo
914 1648 1072 1714 finitionis
1082 1645 1172 1734 (ofiV
1185 1647 1293 1729 10,54)

113 1766 147 1816 et
168 1755 353 1840 partitionis
378 1753 435 1838 (cf.
460 1755 492 1820 V
519 1755 642 1839 1055),
672 1764 800 1820 ceteros
834 1765 1004 1820 enumerat
1032 1755 1089 1839 (cf.
1113 1755 1142 1818 V
1167 1753 1291 1837 10,65).

224 1880 299 1944 Duo
324 1875 412 1943 diota
435 1881 579 1964 Augusti
602 1881 782 1944 afferuntur
805 1883 839 1945 in
863 1880 925 1945 hac
949 1891 1052 1966 parte,
1082 1901 1166 1965 quae
1195 1879 1292 1942 etiam

114 1987 205 2073 apud
231 1985 436 2052 Macrobium
471 1987 634 2072 leguntur,
671 2011 710 2052 ac
747 1999 857 2053 cetera
886 1990 1030 2072 Augusti
1058 1997 1091 2051 et
1119 1984 1258 2051 Gabbae
1269 1991 1291 2067 1)

114 2094 203 2158 diota
218 2091 261 2157 ad
277 2092 419 2158 eundem
434 2095 560 2158 fontem
575 2093 683 2159 redire
701 2105 850 2182 apertum
869 2106 935 2179 est3
961 2097 1054 2160 ouius
1072 2094 1144 2157 libri
1162 2092 1291 2157 indoles

114 2202 213 2265 etism
238 2223 277 2264 ea
305 2223 341 2266 re
368 2200 490 2284 finitur,
525 2203 614 2287 quod
641 2203 768 2267 nullum
792 2203 964 2268 Ciceronis
994 2202 1117 2266 dictum
1147 2202 1290 2265 affertur.

112 2308 257 2392 Augusti
281 2317 430 2394 tempora
453 2307 507 2372 ille
532 2309 688 2374 collector
711 2313 854 2374 maxime
878 2312 1069 2396 respexisse
1094 2307 1233 2372 ridetur.

221 2451 353 2515 Deinde
384 2454 481 2516 etiam
511 2460 622 2538 tropos
653 2476 768 2518 omnes
797 2463 829 2517 et
856 2453 980 2538 figuras
1005 2453 1124 2515 mentis
1148 2449 1286 2514 ridicule

114 2557 265 2622 adhiberi
288 2580 388 2643 posse
413 2561 548 2645 exponit
572 2563 720 2646 scriptor.
756 2560 939 2624 Enumero
960 2571 1129 2645 troporum
1148 2579 1285 2622 comme·

114 2674 260 2730 moratur
282 2667 387 2730 ironia
414 2667 640 2753 metaphorae
669 2666 836 2753 allegoria,
870 2691 953 2754 quas
977 2690 997 2730 a
1021 2665 1181 2731 Cicerone
1205 2665 1290 2727 inter

112 2774 288 2836 verborum
312 2793 435 2856 genera
458 2774 567 2837 afferri
590 2774 743 2839 vidimus.
789 2775 965 2838 Adduntur
989 2771 1180 2859 hyperbole
1206 2791 1289 2856 quae

113 2901 204 2944 more
250 2878 458 2953 Aristotelico
507 2903 580 2944 cum
628 2881 840 2946 similitudine
892 2879 1150 2966 coniungebatur
1201 2877 1288 2963 apud

115 2985 320 3063 Ciceronem,
350 2995 382 3050 et
411 2986 588 3072 emphasis
635 2987 666 3052 A
697 2990 800 3074 tropis
828 2987 954 3072 figurae
983 2989 1103 3052 mentis
1140 2986 1289 3071 separari

113 3117 179 3159 non
207 3103 354 3179 possunt,
381 3117 455 3159 cum
479 3098 564 3181 tropi
592 3095 650 3179 illi,
680 3119 762 3182 quos
792 3095 899 3160 attulit
927 3095 1159 3176 Quintilianus
1191 3095 1288 3156 etiam

113 3202 239 3286 figurae
264 3223 339 3265 esse
362 3205 499 3288 possint.
549 3203 614 3267 Sed
643 3225 715 3268 earn
745 3202 786 3269 ob
813 3226 947 3268 causam
971 3213 1084 3287 tropos
1109 3211 1142 3264 et
1164 3199 1288 3284 figuras
1351 3282 1353 3285 .

112 3311 301 3372 secrevisse
320 3302 451 3373 videtur
469 3313 642 3396 scriptore
660 3314 779 3374 ceteris
795 3308 985 3397 generibus,
1011 3309 1098 3396 quod
1116 3307 1290 3372 exstabant

112 3414 324 3480 collectiones
349 3415 510 3481 dictorum
529 3418 711 3482 secundum
726 3418 850 3503 figuras
867 3417 1046 3503 dispositae
1065 3415 1096 3502 (ξ
1113 3415 1183 3498 70);
1208 3437 1288 3477 sane

112 3526 186 3606 quis
216 3521 279 3586 hac
304 3518 465 3589 divisione
490 3546 571 3590 usus
600 3527 642 3589 sit
670 3528 847 3608 nescimus,
864 3548 973 3611 neque
990 3546 1069 3588 vero
1087 3521 1287 3603 Quintiliano

110 3629 186 3694 talis
211 3627 359 3694 collectio
385 3642 515 3715 praesto
544 3613 649 3697 fuisse
673 3632 813 3710 videtur,
844 3654 917 3695 cum
947 3630 1071 3695 nullum
1101 3629 1288 3714 exemplum

113 3739 237 3802 afferat.

222 3970 241 4032 ¹)
262 3967 407 4022 Deforme
419 3970 538 4022 nominis
552 3970 611 4039 egit
624 3971 822 4038 Buechelerus,
838 3971 907 4024 Mus.
921 3970 1009 4022 Rhon.
1024 3970 1068 4038 bl,
1086 3987 1113 4037 p.
1135 3967 1192 4035 il&
1213 3966 1285 4034 quod

109 4057 238 4124 ignotum
252 4056 308 4109 fuit
320 4056 417 4111 (turtio
428 4059 546 4120 Hubert,
559 4059 601 4113 De
613 4059 756 4113 Plutarchi
766 4059 910 4112 Amatoris
924 4059 1000 4125 (diss.
1013 4057 1104 4113 Berol.
1116 4055 1195 4122 1903)
1205 4073 1232 4124 p.
1243 4053 1286 4107 85.

220 4167 240 4232 q
259 4163 379 4235 Egregie
408 4166 527 4220 coniecit
554 4167 607 4220 iam
637 4166 818 4236 Spaldingius
847 4166 1023 4235 ‘metaphora
1051 4181 1162 4233 quoque
1190 4161 1286 4216 Cicero

111 4255 185 4308 lusit'
206 4254 383 4308 scribendum
396 4273 465 4334 ‘esse
484 4273 534 4325 pro
554 4255 743 4309 ‘m-et-abora'
768 4257 876 4321 (labora
902 4255 936 4316 G»
961 4272 1018 4322 eqs.
1039 4247 1215 4319 'Meistsrus
1239 4252 1286 4319 qui

110 4344 184 4398 hanc
208 4343 395 4398 coniecturam
420 4344 522 4415 recipit
544 4346 573 4398 in
597 4345 719 4398 indicem
743 4362 777 4398 ex
801 4344 950 4398 Halmiano
974 4343 1081 4396 scilicet
1105 4342 1285 4420 descriptum.

111 4451 173 4487 eam
191 4451 228 4486 ns
248 4438 448 4488 commemorat
468 4435 578 4502 quidem
599 4435 627 4487 in
648 4438 785 4504 apparatu
806 4434 911 4488 critico.
