3252 5082
792 389 1011 452 -36-

420 564 570 630 Alterum
593 588 698 651 genus
735 576 785 630 est
813 566 1001 647 similitudo,
1028 589 1112 652 quae
1148 567 1316 631 dividitur
1339 571 1373 632 in
1409 569 1499 632 duas

313 675 444 758 species
480 672 588 757 (256):
628 671 692 737 ‘est
727 674 824 736 etiam
859 695 902 736 ex
937 672 1158 756 similitudine,
1199 694 1282 757 quae
1324 685 1381 738 aut
1414 698 1500 739 con·

313 780 495 864 lationem1)
535 780 635 844 habet
677 790 733 845 aut
774 790 941 865 tamquam
983 777 1181 865 imaginem'.
1240 782 1364 867 Aperte
1403 805 1497 846 nunc

313 888 464 952 videmus
500 886 640 952 similem
677 887 822 950 ordinem
860 889 953 972 sequi
978 885 1173 952 Ciceronem
1208 898 1240 951 et
1271 888 1496 970 Demetrium;

314 1017 391 1058 nam
418 997 517 1059 etiam
553 994 642 1080 apud
671 993 878 1058 Demetrium
915 1004 1071 1058 secuntur
1106 995 1142 1055 αἱ
1175 997 1312 1057 εἰκασίαι
1321 999 1357 1080 2),
1394 1006 1496 1082 atque

314 1104 347 1164 in
372 1105 537 1188 excerptis
555 1122 684 1187 quoque
703 1103 737 1164 'si
755 1103 924 1186 sequimur
940 1102 1105 1182 Tzetnem,
1130 1101 1215 1165 idem
1243 1103 1326 1166 ordo
1341 1113 1495 1191 servatus

314 1218 378 1290 est3
415 1231 492 1272 nam
517 1205 670 1288 ὁμοίωσιν
697 1208 783 1272 idem
813 1230 889 1271 esse
925 1231 1025 1293 posse
1050 1231 1089 1271 ac
1125 1208 1370 1273 similitudinem
1394 1233 1495 1274 nemo

314 1314 456 1400 negabit.
504 1316 680 1379 Praeterea
703 1301 814 1379 verbis
832 1315 1002 1380 Ciceronis
1027 1314 1129 1379 altera
1153 1317 1283 1401 species
1309 1313 1497 1396 ὁμοιώσεως

314 1421 401 1486 illius
437 1418 533 1506 (πρὸς
565 1419 602 1484 τὸ
637 1422 752 1506 χεῖρον)
790 1422 1069 1486 circumscribitur
1104 1421 1209 1507 (266):
1246 1419 1354 1487 ‘valde
1383 1433 1495 1489 autem

314 1529 461 1594 ridentur
490 1531 586 1593 etiam
616 1531 789 1613 imagines,
826 1551 910 1614 quae
939 1529 1009 1593 fere
1044 1531 1077 1593 in
1106 1528 1346 1594 deformitatem
1371 1540 1426 1595 aut
1458 1534 1495 1594 in

314 1635 446 1721 aliquod
470 1638 584 1700 vitium
609 1637 755 1721 corporis
773 1636 936 1701 ducuntur
960 1659 1034 1699 cum
1052 1635 1263 1701 similitudine
1286 1634 1492 1723 turpioris'3l.

315 1742 461 1807 Alteram
480 1745 625 1828 speciem
650 1739 745 1825 (πρὸς
767 1739 805 1833 sd
821 1741 960 1823 βέλτιον)
986 1745 1094 1807 minus
1118 1744 1270 1807 idoneam
1298 1767 1382 1825 esse,
1408 1766 1495 1829 quae

315 1853 418 1914 risum
443 1860 582 1931 moveat,
608 1859 757 1935 apertum
781 1860 839 1915 est.

422 1958 529 2020 Etiam
554 1959 587 2020 in
611 1959 759 2042 proximo
783 1978 905 2040 genere
933 1958 1051 2020 mirum
1076 1957 1130 2021 vel
1153 1960 1260 2043 potius
1285 1980 1351 2021 non
1375 1960 1494 2020 mirum

316 2068 349 2129 in
374 2064 505 2128 modum
543 2075 727 2148 congruunt
761 2065 949 2148 scriptores.
997 2064 1314 2150 ApudCiceronem
1344 2071 1430 2128 enim
1458 2074 1495 2127 ut

316 2172 404 2258 apud
428 2173 633 2236 Demetrium
658 2173 807 2256 sequitur
830 2170 1020 2256 hyperbole,
1055 2193 1139 2256 quae
1164 2173 1347 2235 secundum
1372 2173 1494 2235 Deme·

316 2282 413 2343 trium
436 2279 472 2342 fit
494 2278 529 2341 ἐκ
552 2277 609 2340 τοῦ
636 2274 808 2356 ἀδυνάτου,
833 2281 865 2341 in
884 2280 1048 2364 excerptis
1073 2288 1181 2342 autem
1206 2280 1376 2364 proximus
1400 2278 1495 2342 locus

316 2397 380 2452 est:
415 2386 451 2448 ‘dx
479 2385 535 2448 τοῦ
563 2381 738 2448 ἀδυνάτου.
799 2385 1022 2471 Hyperbolen,
1060 2408 1259 2471 quamquam
1294 2383 1494 2450 vocabulum

316 2496 425 2579 ipsum
449 2493 511 2556 hoc
535 2492 638 2572 loco4)
663 2515 729 2556 non
745 2502 932 2578 usurpatur,
959 2492 1137 2577 significari
1154 2503 1290 2578 apparet
1314 2493 1365 2556 bis
1382 2492 1495 2556 verbis

317 2600 425 2683 (267):
461 2597 571 2663 ‘etiam
596 2598 660 2678 illa,
691 2621 775 2684 quae
804 2599 973 2663 minuendi
1002 2610 1058 2663 aut
1085 2600 1228 2683 augendi
1253 2622 1355 2663 causa
1379 2600 1420 2663 ad
1444 2602 1492 2663 in-

318 2707 509 2771 credibilem
534 2707 781 2772 admirationem
806 2703 1015 2771 ecferuntur.

425 2814 490 2879 Sed
526 2817 591 2877 iam
626 2813 808 2878 abscedere
844 2814 974 2877 videtur
999 2813 1116 2877 Cicero
1141 2837 1158 2877 a
1183 2813 1328 2878 fontibus
1355 2813 1494 2878 Graecis

318 2946 356 2986 ae
381 2943 477 2986 suum
501 2932 613 2985 tencre
638 2944 786 3003 cursum3
819 2924 968 3007 sequitur
992 2923 1077 2984 enim
1103 2920 1238 2984 schema
1262 2921 1349 3005 quod
1373 2921 1493 2985 frustra

318 3051 458 3115 quaeras
483 3031 516 3093 in
541 3033 658 3092 ceteris
675 3028 865 3093 tractatibus
891 3028 1000 3112 (268):
1025 3024 1153 3112 ‘arguta
1176 3030 1273 3091 etiam
1299 3028 1494 3112 significatio

318 3147 377 3218 est,
403 3160 478 3200 cum
502 3158 663 3222 parvare
688 3146 720 3199 et
744 3159 843 3222 saepe
877 3135 978 3199 verbo
1007 3157 1062 3198 res
1091 3135 1233 3198 obscura
1257 3145 1289 3198 et
1316 3134 1422 3199 latens
1446 3138 1492 3198 in-

318 3240 492 3308 lustratur'.
541 3243 605 3308 Sed
642 3245 775 3308 minime
810 3245 927 3306 mirum
965 3252 1015 3305 est
1049 3242 1137 3327 apud
1173 3240 1367 3305 Ciceronem
1407 3263 1494 3306 nune

318 3374 478 3438 apparere
502 3351 603 3416 multa
626 3373 757 3436 genera,
795 3373 878 3436 quae
903 3349 991 3435 apud
1021 3359 1149 3413 ceteros
1177 3370 1243 3412 non
1272 3350 1493 3426 inveniuntur,

320 3484 391 3524 cum
432 3458 477 3523 ibi
517 3458 698 3522 habeamus
735 3467 904 3543 excerpta,
945 3455 998 3519 bic
1034 3455 1286 3542 disputationem
1323 3458 1494 3540 integram.

318 3569 494 3632 Praeterea
534 3588 732 3652 quamquam
771 3565 927 3650 pleraque
964 3563 1171 3629 Ciceronem.
1197 3563 1319 3627 debere
1357 3562 1495 3627 Graecis

320 3677 454 3753 scimus,
478 3684 589 3738 tamen
605 3695 700 3736 nemo
725 3674 787 3736 erit
809 3681 875 3734 tarn
893 3669 1010 3734 stultus
1035 3681 1070 3734 ut
1093 3681 1192 3754 neget
1207 3672 1313 3734 virum
1336 3670 1496 3734 facetissi-

319 3805 408 3847 mum
439 3785 616 3868 quicquam
652 3780 692 3844 de
729 3799 788 3844 suo
824 3778 997 3844 adiecisse.
1045 3779 1198 3864 Denique
1230 3776 1409 3841 verisimile
1448 3787 1498 3840 est

428 3997 448 4061 ¹)
468 3995 637 4048 Graecorum
655 3991 801 4060 παραβολή,
821 3992 856 4045 cf.
874 3990 990 4055 Quintil.
1011 3990 1080 4043 VIII
1098 3990 1168 4059 337.
1220 4023 1222 4036 ‹
1264 4013 1267 4019 ¹

428 4086 448 4150 ²)
468 4083 623 4137 interiecta
642 4083 656 4151 ξ
677 4080 740 4151 lb9;
760 4081 880 4135 conlatio
900 4083 1041 4134 tractatur
1059 4081 1074 4150 ξ
1093 4079 1153 4132 146.

428 4175 447 4239 ³)
471 4172 533 4226 Noli
545 4171 648 4238 mirari,
668 4172 744 4239 quod
763 4173 791 4224 et
807 4166 1006 4224 ‘imitationem
1020 4170 1208 4238 depravatam
1224 4171 1267 4222 est
1286 4166 1498 4221 similitudinem

320 4283 384 4319 cum
404 4263 513 4318 Graeco
531 4261 676 4316 homoeosi
694 4260 821 4323 confero;
849 4276 913 4313 nam
935 4257 1042 4313 Gracco
1061 4275 1166 4327 genere
1184 4259 1336 4325 utrumque
1356 4256 1500 4311 Ciceronis

319 4353 459 4409 contineri
478 4355 555 4421 puto.

427 4445 449 4510 ⁴)
469 4443 626 4510 Usurpatur
645 4441 739 4494 inilia
759 4439 881 4509 epistula
900 4455 984 4506 quam
1003 4439 1217 4500 commemoravi
1237 4437 1361 4505 (adsum.
1375 4435 1499 4501 unsa).
