3252 5082
647 396 866 459 -19-

277 573 406 658 'Propos
431 582 539 638 autem
564 575 662 636 etiam
686 575 720 636 in
743 594 813 636 rem
837 572 1008 637 ridiculam
1026 573 1187 659 quadrare
1203 596 1343 659 pronun-

167 681 268 742 tiatur
289 681 309 760 ᾖ
334 679 412 744 143:
436 679 458 740 ἂ
484 676 627 759 μάλιστα
651 675 690 761 δή
716 674 890 763 κωμῳδικὰ
914 676 1051 756 παίγνιᾶ
1080 680 1147 741 ἐστι
1174 681 1226 742 καὶ
1251 698 1345 742 omo-

166 781 283 868 ρικάῖ),
313 809 351 850 ac
381 787 529 851 similiter
553 784 572 872 ᾗ
604 787 667 850 145
696 785 737 850 de
765 785 935 850 abusionis
964 787 1114 873 exemplo
1139 787 1271 853 dicitur:
1295 789 1343 850 ἐν·

167 891 284 954 rauca
309 889 325 970 ἦ
349 889 443 976 χάρις
466 889 534 956 ἀπὸ
558 892 615 956 roi
634 892 767 976 σκῶψαι
783 889 844 956 τὸν
861 892 951 976 ὄρνιν
973 889 1128 977 καθάπερ
1148 893 1340 979 ἄνθρωπον.

275 1000 388 1063 Prima
416 1023 494 1086 pars
522 999 671 1064 locorum
700 1000 862 1065 clauditur
892 999 910 1085 ξ
937 1001 1014 1079 145;
1044 1011 1200 1064 secuntur
1223 1001 1300 1066 inde
1323 1026 1343 1066 a

166 1107 196 1188 §¹
212 1106 275 1170 146
300 1129 339 1170 ea
362 1129 493 1190 genera,
519 1130 603 1193 quae
626 1129 823 1194 quamquam
839 1118 875 1171 ut
891 1110 1000 1193 priora
1017 1106 1193 1172 elocutioni
1209 1108 1342 1173 subiun-

166 1223 298 1298 guntur,
335 1223 443 1278 tamen
477 1237 543 1278 non
579 1215 612 1279 in
640 1213 720 1279 solis
749 1214 870 1292 verbis,
900 1215 960 1278 sed
988 1217 1020 1278 in
1053 1218 1214 1279 sententia
1238 1219 1342 1300 magis

167 1331 352 1384 versantur.

189 1465 191 1468 -
274 1426 478 1512 Παραβολῆς,
504 1429 591 1514 quod
617 1438 667 1492 est
690 1431 831 1514 primum
854 1451 970 1513 genus,
996 1427 1182 1514 exemplum
1207 1427 1343 1492 alterum

166 1536 288 1620 petitur
304 1558 322 1597 a
338 1537 464 1620 poetria
478 1535 631 1616 Lesbica‚
648 1533 786 1599 alterum
810 1558 829 1599 a
854 1535 1042 1620 Sophrone3
1067 1558 1142 1599 nam
1160 1535 1342 1599 secundum

165 1665 241 1706 eam
265 1642 471 1722 divisionem,
489 1663 572 1724 quae
591 1645 624 1705 in
641 1644 731 1706 initio
748 1643 835 1706 facta
859 1652 919 1722 est,
942 1639 1033 1724 χάρις
1057 1646 1229 1725 σεμνοτέρα
1252 1643 1341 1728 apud

164 1749 255 1814 illam
277 1750 452 1830 invenitur,
476 1744 595 1810 παιδιὰ
620 1749 708 1834 apud
734 1748 830 1813 hunc.

273 1855 430 1920 Similiter
458 1857 597 1940 proximi
626 1851 798 1938 (μεταβολή
831 1855 967 1940 148s49)
996 1858 1129 1941 generis
1154 1855 1342 1941 exemplum

164 1963 302 2027 alterum
330 1962 530 2047 Sapphicum
556 1971 615 2044 est,
641 1962 779 2027 alterum
803 1965 908 2047 magis
930 1961 1113 2026 ridiculum.

273 2068 427 2154 Sequitur
457 2066 616 2152 παρῳδία,
646 2090 844 2155 quamquam
874 2070 955 2134 haec
979 2092 1045 2133 vox
1069 2092 1134 2133 non
1157 2023 1340 2151 adbibetur,

164 2187 263 2263 atque
303 2174 488 2261 exemplum
528 2178 666 2262 petitum
701 2186 752 2239 est
786 2198 827 2239 ex
862 2176 1082 2261 Aristophane
1117 2176 1215 2259 (Nub.
1252 2178 1340 2262 400),

163 2287 290 2369 gratiae
319 2283 540 2347 sollemnioris
569 2282 754 2368 exemplum
787 2284 882 2347 deest
911 2306 975 2347 non
1011 2286 1082 2347 sine
1118 2306 1234 2366 causa3
1263 2307 1340 2347 nam

163 2392 335 2478 parcdiam
359 2413 492 2476 semper
516 2389 687 2453 ridiculam
712 2413 787 2454 esse
811 2402 956 2477 apparet.
1005 2391 1075 2454 lam
1099 2390 1139 2455 ab
1165 2390 1341 2455 Aristotele

164 2499 257 2586 (rhet.
282 2499 334 2562 Ill
360 2499 411 2580 ll,
436 2521 467 2584 p.
487 2499 599 2562 1412a
623 2497 677 2580 29)
701 2497 764 2561 hoc
789 2497 923 2562 schema
939 2500 1023 2561 inter
1039 2496 1175 2561 facetias
1193 2496 1339 2561 habitum

164 2628 239 2670 esse
268 2627 369 2692 supra
399 2604 551 2670 vidimus.
600 2605 645 2669 Ut
674 2605 763 2690 apud
787 2604 997 2668 Aristotelem
1021 2607 1105 2669 inter
1129 2607 1259 2691 species
1284 2605 1341 2669 de-

164 2724 280 2799 ceptae
314 2714 477 2798 opinionis
507 2712 617 2797 erat2),
642 2715 686 2775 ita
710 2714 807 2776 etiam
831 2711 917 2797 apud
946 2712 1152 2776 Demetrium
1179 2734 1253 2775 cum
1278 2712 1340 2775 hoc

162 2843 285 2905 genere
311 2821 520 2884 coniunctum
544 2820 715 2902 remansit3
741 2842 814 2882 nam
840 2830 952 2905 aperte
976 2818 1018 2883 ad
1041 2819 1128 2884 idem
1154 2819 1341 2906 decipiendi

162 2949 269 3014 genus
294 2929 434 3012 pertinet
455 2923 625 3008 ἀλληγορία
650 2924 756 3009 (151),
775 2948 871 3010 quam
897 2929 1021 3011 excipit
1045 2923 1063 3008 ἡ
1091 2923 1180 3008 παρὰ
1204 2924 1339 3010 προσδο-

162 3038 237 3097 κίαν
259 3031 350 3115 χάρις
372 3034 460 3118 (152)

270 3141 438 3226 Allegoria
462 3152 496 3204 ut
520 3152 703 3206 ceterorum
728 3139 883 3205 nonnulla
909 3163 1033 3224 genera
1062 3143 1094 3203 in
1123 3141 1205 3205 duas
1229 3151 1339 3228 partes

163 3249 335 3322 dividitur;
360 3271 434 3312 nam
459 3250 560 3332 priori
583 3247 745 3334 exemplo,
763 3249 851 3332 quod
869 3250 1027 3312 severiori
1043 3257 1158 3333 poetae
1175 3251 1337 3328 convenit,

164 3365 373 3443 opponuntur
396 3356 460 3419 duo
485 3354 636 3440 exempla
659 3378 677 3419 e
702 3354 873 3441 Sophrone
899 3367 1030 3441 sumpta
1055 3355 1149 3418 etad
1165 3353 1338 3418 ridiculum

162 3465 373 3550 pertinentia:
398 3462 450 3524 καὶ
473 3457 670 3544 punctura
693 3459 731 3524 roi
759 3458 897 3524 τοιαῦτά
922 3463 1065 3524 ἐστικαὶ
1089 3459 1247 3546 alapam).

269 3569 476 3634 Vocabulum
505 3565 677 3650 ἀλληγορία
707 3569 748 3634 ab
776 3568 953 3635 Aristotele
983 3591 1048 3632 non
1072 3579 1257 3655 usurpatur,
1284 3571 1339 3654 qui

163 3689 274 3742 tamen
303 3679 372 3740 eius
402 3678 467 3740 vim
500 3675 741 3740 circumscribit
769 3700 808 3740 eo
837 3675 909 3740 loco
941 3699 1005 3762 quo
1034 3678 1068 3740 in
1096 3672 1235 3748 ἀστείοις
1258 3674 1338 3739 illud

162 3807 268 3869 genus
289 3793 406 3848 tractat
433 3785 477 3869 (p.
505 3784 620 3847 1412a
643 3782 708 3866 21),
732 3784 789 3847 ubi
809 3782 998 3868 allegoriam
1020 3785 1235 3868 posteriorum
1259 3785 1338 3846 scri·

163 3903 291 3977 ptorum
305 3890 449 3975 intellegi
466 3901 499 3954 et
512 3890 612 3955 verba
624 3892 697 3975 ipsa
710 3891 934 3955 demonstrant
947 3900 978 3953 et
990 3889 1177 3975 exemplum
1191 3889 1336 3970 allatum,

165 3999 252 4082 quod
276 3998 432 4083 allegoria
456 4008 507 4062 est
530 3997 617 4083 apud
641 3996 728 4061 hunc
753 3998 956 4062 Demetrium
982 3997 1022 4078 ἐξ
1045 3997 1088 4061 99
1113 4007 1145 4062 et
1168 3996 1242 4061 243.

271 4176 291 4239 ¹)
311 4173 356 4227 Sic
376 4173 573 4242 corrigendum
592 4190 655 4227 cum
675 4173 762 4226 (ialeo
780 4191 832 4243 pro
852 4172 970 4242 σατύρια.

273 4266 293 4328 ¹)
313 4263 402 4328 Quom
421 4262 536 4316 obrem
555 4279 611 4315 non
630 4263 730 4314 mirum
749 4264 793 4315 cst
811 4262 839 4314 in
853 4265 977 4314 tractatu
990 4261 1157 4315 Coisliniano
1171 4262 1269 4315 deesse
1284 4263 1337 4315 hoc

164 4371 253 4422 genus
272 4357 302 4407 et
318 4352 485 4421 proximum,
506 4369 578 4420 quae
597 4351 777 4405 continentur
789 4367 894 4418 genere
908 4351 1043 4419 ampliore
1057 4351 1141 4418 (noodr
1153 4346 1336 4420 προσδοκίαν).

272 4443 292 4500 ”l
312 4441 473 4496 Memineris
493 4441 574 4495 velim
595 4441 741 4495 Aristoteli
760 4439 792 4492 τὸ
809 4437 912 4508 γελοῖον
929 4438 1024 4507 μόριον
1043 4456 1103 4492 esse
1122 4442 1168 4490 τοῦ
1186 4440 1302 4508 αἰσχροῦ.

1143 4528 1175 4579 2*
