3252 5082
226 1710 265 1773 In
289 1709 437 1773 doctrina
469 1717 616 1772 veterum
645 1705 809 1769 rhetorica
833 1727 907 1768 cum
932 1725 1125 1778 quaererem
1154 1711 1294 1768 tractan-

119 1819 195 1882 dam
219 1819 400 1897 materiam,
427 1837 524 1900 quam
548 1813 717 1877 modestae
742 1812 981 1876 dissertationis
1002 1809 1122 1874 finibus
1147 1833 1294 1896 compre·

118 1924 266 1988 bendere
299 1945 445 2009 possem,
481 1923 606 1984 monuit
634 1942 688 1984 me
722 1918 1006 1983 Radermacherus
1039 1919 1089 1980 vir
1121 1917 1217 1982 huius
1247 1921 1295 1982 rei

117 2029 348 2117 peritissimus,
373 2041 408 2094 ut
424 2027 665 2109 Quintilianeae
689 2027 899 2090 institutionis
924 2023 1056 2110 aliquod
1079 2035 1176 2110 caput
1192 2024 1293 2111 expli·

120 2160 196 2202 care
220 2146 253 2200 et
275 2137 383 2201 fontes
409 2138 480 2200 eius
505 2137 631 2221 aperire
657 2155 803 2198 conarer.
849 2131 1068 2212 Quintilianus
1093 2132 1178 2196 enim
1204 2135 1295 2217 operi

119 2267 180 2308 suo
196 2267 263 2309 non
286 2265 410 2331 paucas
434 2243 573 2306 intexuit
595 2264 660 2319 rea,
686 2263 771 2326 quae
796 2239 872 2304 olim
896 2240 1038 2326 propriis
1061 2237 1153 2303 libris
1177 2248 1293 2303 tracta-

117 2351 246 2415 bantur.
295 2349 350 2414 Sic
375 2352 472 2414 etiam
498 2350 539 2413 de
563 2351 631 2412 risu
663 2348 796 2412 fuerunt
825 2350 880 2432 qui
903 2348 1053 2432 proprios
1081 2344 1184 2410 libros
1208 2369 1294 2410 com-

118 2467 293 2544 ponerent3
320 2459 374 2542 qui
399 2479 596 2543 quamquam
621 2457 821 2535 interierunt,
847 2466 955 2517 temen
982 2453 1060 2538 quid
1078 2455 1296 2517 continuerint

119 2589 161 2630 ex
185 2575 277 2651 parte
302 2563 432 2650 quidem
458 2563 645 2650 quaerendo
670 2573 702 2627 et
725 2561 1021 2647 circumspiciendo
1039 2559 1191 2645 colligere
1208 2559 1294 2643 licet,

120 2672 277 2758 quoniam
302 2680 334 2734 et
357 2682 514 2756 excerpta
538 2669 698 2756 quaedam
723 2679 860 2733 aetatem
885 2667 1030 2732 tulerunt
1061 2677 1093 2731 et
1117 2670 1294 2754 scriptores

119 2789 228 2843 aetate
252 2779 424 2841 inferiores
447 2776 540 2841 libris
565 2776 628 2841 illis
653 2778 705 2841 usi
730 2787 814 2841 sunt.
862 2775 915 2839 De
943 2777 1012 2840 risu
1036 2785 1144 2839 autem
1169 2774 1294 2854 Quinti-

119 2886 227 2949 lianus
253 2908 383 2972 quoque
407 2886 473 2969 egit
496 2883 570 2947 libri
594 2886 679 2948 sexti
703 2886 809 2969 capite
833 2885 942 2965 terti03
972 2883 1059 2968 quod
1089 2893 1124 2947 ut
1152 2892 1295 2968 pertrac-

120 3003 224 3056 tarem
243 2991 527 3055 Radermacberus
552 3013 605 3055 mc
629 2990 819 3055 adhortatus
844 3000 903 3054 est.
953 2989 1000 3054 Ac
1024 2990 1175 3054 lubenter
1198 3013 1296 3076 quam

121 3097 316 3163 ostendebat
338 3101 425 3163 viam
449 3101 619 3183 ingressus
644 3121 731 3179 sum3
756 3121 776 3161 a
798 3097 997 3177 Quintiliano
1014 3099 1112 3182 igitur
1127 3095 1295 3183 profectus

122 3206 164 3269 ad
188 3208 395 3290 superiorum
413 3208 610 3291 scriptorum
633 3214 782 3290 tempora
805 3205 958 3290 progredi
983 3216 1120 3269 conatus
1145 3227 1232 3288 aum3
1257 3227 1295 3269 ac

121 3310 210 3376 facili
228 3334 326 3398 opera
340 3313 381 3376 ad
395 3311 589 3377 Ciceronem
603 3314 738 3398 perveni
755 3314 892 3398 eiusque
909 3311 1088 3376 doctrinam
1106 3333 1179 3376 cum
1194 3311 1296 3392 Quin-

121 3418 254 3484 tilianea
279 3442 469 3506 comparare
495 3422 594 3506 potui.
644 3420 724 3483 lnde
742 3443 761 3484 a
778 3418 937 3484 Cicerone
962 3432 1071 3483 autem
1089 3418 1130 3482 ad
1148 3418 1295 3486 Graecos

121 3526 230 3590 fontes
266 3549 404 3612 pergere
444 3527 627 3613 oportebat3
665 3549 747 3613 quos
788 3549 830 3590 ex
868 3526 1096 3591 Aristotelicae
1128 3526 1295 3593 doctrinae

124 3635 218 3718 copia
241 3633 405 3720 profluere
429 3634 523 3699 brevi
546 3644 693 3720 tempore
716 3633 873 3698 intellexi.

229 3794 403 3859 Lectorem
432 3806 542 3860 autem
574 3819 639 3860 non
668 3796 783 3860 eadem
815 3795 933 3860 ducam
961 3798 1015 3860 via
1039 3819 1104 3882 qua
1127 3799 1198 3883 ipse
1221 3822 1295 3884 pro-

127 3903 225 3983 cessi3
260 3902 320 3966 sed
355 3902 396 3967 ab
425 3901 605 3968 Aristotele
639 3903 779 3989 profecti
814 3926 874 3990 per
908 3903 1031 3988 aliquot
1066 3907 1222 3969 stationes
1253 3905 1296 3970 ad

129 4007 360 4086 Quintilianum
389 4009 579 4077 redibimus.
626 4011 735 4075 Prima
763 4013 862 4095 igitur
889 4020 982 4097 parte
1007 4011 1085 4096 quid
1110 4010 1231 4077 Graeci
1255 4013 1295 4078 de

126 4115 260 4180 ridiculo
289 4116 459 4181 docuerint
487 4140 530 4181 ex
553 4120 700 4205 ipsorum
725 4119 854 4202 scriptis
892 4127 1046 4203 quantum
1078 4117 1150 4181 ficri
1180 4121 1297 4205 poterit

128 4220 280 4307 colligere
316 4226 349 4287 in
382 4226 489 4300 animo
518 4233 584 4306 est3
615 4247 679 4310 qua
709 4227 742 4287 in
765 4246 800 4287 re
828 4227 970 4311 primum
999 4225 1077 4312 quid
1101 4227 1296 4292 Aristoteles

126 4328 320 4394 iudicaverit
335 4353 353 4394 e
371 4333 510 4396 servatis
533 4330 626 4396 libris
651 4331 823 4396 rhetoricis
848 4333 975 4417 poetico
1001 4333 1117 4397 ethicis
1142 4332 1296 4419 colligen-

127 4435 202 4500 dum
229 4439 299 4520 erit,
324 4438 445 4502 deinde
469 4440 547 4525 quid
572 4463 590 4504 e
615 4439 941 4505 commentationibus
967 4441 1007 4504 de
1033 4441 1203 4505 comoedia
1221 4463 1296 4506 con-

1103 4549 1116 4599 1
