3252 5082
497 400 811 462 ,..45-

106 577 271 663 ‘magnus'
290 577 400 663 posuit
416 577 649 662 ‘praelongus’,
662 577 786 644 deinde
804 599 888 648 eum,
904 578 959 660 qui
976 575 1036 638 sibi
1054 576 1099 639 ita
1114 575 1290 640 videbatur

103 707 262 769 magnus,
287 693 323 747 ut
346 694 445 769 caput
468 684 663 764 demitteret,
688 707 724 748 re
748 705 827 746 vera
851 692 949 768 caput
981 682 1159 746 offendisse
1183 681 1285 767 fingit.

218 791 325 855 Etiam
334 793 439 875 magis
454 791 552 856 miror
569 790 609 854 de
626 793 776 877 proximo
793 789 959 875 exemplo;
975 812 1052 853 nam
1066 789 1287 870 Quintilianus

104 901 157 962 sic
187 900 308 983 pergit:
344 899 388 960 ‘et
415 897 503 982 quod
527 897 561 962 P.
588 896 717 983 Oppius
748 896 828 961 dixit
852 897 1038 982 degenere
1062 895 1286 978 Lentulorum,

104 1029 184 1068 cum
209 1005 348 1068 adsidue
373 1007 517 1068 minores
534 1005 725 1089 parentibus
741 1004 837 1068 liberi
854 1015 975 1086 essent,
993 1003 1161 1068 nascendo
1178 1005 1287 1067 interi·

103 1110 243 1192 turum’3
270 1110 375 1174 simile
400 1110 587 1196 exemplum
612 1111 699 1196 apud
729 1111 924 1176 Ciceronem
948 1113 1109 1196 sequitur:
1146 1113 1199 1174 ‘ex
1223 1132 1287 1196 quo

103 1241 232 1304 genere
266 1220 362 1282 etiam
390 1217 470 1281 illud
499 1229 559 1299 est,
585 1219 674 1304 quod
699 1217 809 1304 Scipio
834 1218 921 1304 apud
945 1219 1161 1300 Numantiam,
1189 1240 1288 1303 quom

104 1325 371 1390 stomacharetur
406 1348 481 1388 cum
510 1325 546 1390 C.
577 1324 720 1408 Metello,
750 1326 875 1390 dixisse
908 1325 1039 1389 dicitur:
1076 1327 1104 1387 si
1140 1327 1288 1410 quintum

103 1444 241 1518 pareret
263 1441 366 1495 mater
391 1431 474 1509 eius,
499 1434 627 1496 asinum
651 1433 755 1497 fuisse
785 1431 983 1519 parituram’.
1030 1431 1123 1512 Quae
1149 1453 1287 1515 congru·

104 1542 196 1604 entia
221 1577 263 1585 —
289 1542 359 1602 sive
384 1541 490 1602 mavis
514 1540 625 1604 dicere
643 1540 858 1624 differentiam
887 1577 924 1587 -
950 1543 995 1603 ita
1018 1540 1160 1603 fortasse
1185 1538 1288 1624 expli-

106 1657 212 1718 catur.
243 1657 277 1709 ut
307 1647 399 1710 dicas
425 1647 663 1727 Quintilianum
691 1658 863 1733 utrumque
892 1646 1078 1732 exemplum
1104 1648 1288 1731 sumpsisse
1394 1639 1395 1643 ¹

105 1779 124 1819 e
149 1753 235 1818 libro
260 1753 378 1839 aliquo,
403 1756 525 1838 inquo
551 1776 625 1817 cum
647 1753 818 1819 Ciceronis
843 1753 993 1840 exemplo
1019 1753 1124 1818 simile
1149 1752 1288 1817 alterum

105 1863 320 1926 coniunctum
344 1861 451 1938 fuerit,
482 1860 570 1946 quod
594 1872 709 1926 auctor
732 1860 818 1924 illius
843 1861 917 1925 libri
940 1861 1110 1940 adiecerit3
1136 1858 1287 1941 Quintili-

105 1991 208 2032 anum
233 1968 353 2031 deinde
374 1970 483 2053 priore
501 1970 624 2031 omisso
641 1967 779 2032 alterum
798 1971 1027 2054 exscripsisse.
1075 1967 1288 2031 Intercedere

104 2079 208 2161 igitur
231 2075 362 2138 videtur
386 2074 502 2160 aliquis
526 2077 612 2138 inter
640 2073 834 2139 Ciceronem
859 2086 891 2139 et
915 2073 1162 2156 Quintilianum,
1190 2095 1228 2136 ac
1253 2094 1288 2136 re

104 2207 189 2248 vera
212 2193 387 2267 utrumque
412 2182 599 2267 exemplum
624 2183 758 2248 affertur
781 2187 814 2248 in
840 2205 878 2246 ea
902 2197 994 2268 parte
1019 2204 1116 2267 quam
1135 2181 1177 2244 ad
1195 2179 1289 2245 Cice·

104 2313 222 2355 ronem
247 2313 313 2354 uon
336 2290 544 2354 referendam
570 2313 646 2355 esse
671 2292 823 2356 diximus.

217 2396 302 2461 Illud
338 2409 446 2462 autem
483 2398 677 2483 exemplum,
704 2398 793 2485 quod
822 2397 1042 2478 Quintilianus
1068 2395 1162 2460 affert
1194 2399 1213 2476 ξ
1246 2395 1288 2458 84

105 2505 223 2592 l‘quod
251 2503 353 2568 refert
382 2504 512 2570 Cicero:
550 2506 630 2590 quid
653 2505 729 2569 huic
754 2505 849 2570 abest
870 2507 934 2569 nisi
958 2528 1012 2569 res
1037 2514 1068 2567 et
1092 2500 1243 2585 virtus?')
1268 2520 1289 2566 a

106 2614 271 2678 Cicerone
295 2611 368 2677 loco
394 2612 490 2698 paulo
512 2612 644 2676 diverso
661 2613 795 2676 affertur
819 2613 926 2698 (281),
950 2623 1060 2676 tamen
1084 2609 1209 2675 similes
1233 2631 1288 2672 res

105 2721 149 2786 ab
179 2730 319 2806 utroque
347 2719 560 2802 illustrantur,
591 2728 623 2781 et
652 2719 892 2805 ‘discrepantia’
926 2720 1096 2785 Ciceronis
1133 2718 1289 2802 subiungi

105 2837 219 2915 potest
242 2825 410 2911 ‘deceptae
435 2825 598 2911 opinioni’.

218 2934 272 2997 Ad
297 2933 437 2997 eandem
460 2955 528 2996 rem
550 2932 778 2998 illustrandam
795 2935 945 3020 exemplo
964 2933 1180 2998 Ciceroniauo
1198 2931 1288 3017 (278)

106 3044 211 3107 utitur
231 3039 451 3120 Quintilianus
476 3043 496 3121 ἓ
521 3041 579 3123 883
604 3041 663 3104 sed
687 3062 802 3105 rursus
825 3041 928 3105 verba
951 3063 1017 3104 non
1042 3043 1227 3126 exscripsit.

218 3147 271 3211 Ex
306 3149 411 3233 ipsius
440 3145 610 3212 Ciceronis
640 3146 840 3212 orationibus
851 3147 871 3233 1)
900 3159 932 3212 et
962 3147 1147 3233 epistulis‘2)
1183 3169 1289 3232 pauca

107 3257 199 3320 dicta
224 3254 288 3318 sibi
304 3253 456 3337 elegisse,
470 3276 536 3318 non
561 3257 716 3338 exiguum
729 3277 807 3318 vero
823 3278 997 3319 numerum
1014 3256 1172 3319 dictorum
1191 3252 1288 3317 colle-

108 3364 212 3426 ctioni
236 3361 400 3445 Tironis³)
425 3360 478 3425 vel
501 3361 573 3424 aliis
599 3361 847 3425 collectionibus
876 3362 997 3426 debere
1026 3363 1173 3443 videtur3
1204 3382 1288 3446 quae

107 3471 222 3534 omnia
246 3469 362 3532 afferre
386 3491 451 3532 non
476 3490 558 3555 opus
584 3479 644 3532 est.

218 3577 331 3660 Longe
356 3585 465 3640 autem
488 3579 683 3660 gravissima
701 3600 739 3641 ea
756 3586 841 3660 sunt,
859 3601 943 3663 quae
960 3588 1092 3642 auctore
1108 3598 1175 3640 uon
1191 3574 1288 3639 allato

108 3711 128 3749 e
156 3683 315 3749 Cicerone
341 3685 480 3768 sumpsit
503 3682 740 3766 Quintilianus,
766 3685 827 3748 sed
841 3687 1032 3770 priusquam
1049 3684 1092 3748 ad
1106 3682 1287 3748 doctrinam

108 3795 218 3877 ipsam
254 3790 388 3871 accedo,
425 3790 466 3853 de
502 3789 662 3876 exemplis
697 3791 864 3856 nonnullis
899 3815 1004 3876 agam,
1042 3814 1126 3878 quae
1157 3791 1288 3855 nomine

109 3898 284 3964 Ciceronis
308 3919 374 3960 non
398 3896 494 3962 allato
520 3920 563 3960 ex
586 3899 656 3961 eius
681 3897 764 3963 libro
790 3898 1008 3984 deprompsit:

221 4003 316 4084 Quod
343 4003 383 4068 de
409 4003 526 4069 Helvio
543 4005 674 4068 Mancia
697 4003 797 4069 refert
813 4006 831 4089 ξ
847 4006 900 4087 38,
925 4016 1074 4070 narratur
1090 4028 1110 4069 a
1127 4004 1287 4070 Cicerone

110 4117 132 4193 ξ
158 4112 233 4187 266,
263 4134 302 4174 ac
332 4110 449 4176 Cicero
482 4109 661 4175 Caesarem
695 4113 803 4197 ipsum
827 4112 913 4176 hanc
937 4135 1005 4176 rem
1029 4123 1215 4177 narrantem
1241 4114 1288 4175 in·

221 4268 772 4338 ouummmmmmm

221 4357 646 4427 ”mswmmmm
821 4414 824 4419 ,

222 4446 1098 4518 aasummmmmmmmmmm
