3252 5082
606 362 827 425 -51-

129 577 170 588 —
195 540 276 606 244:
309 539 368 604 sed
398 550 433 604 ut
455 541 489 612 in
512 538 568 604 illo
593 561 701 626 supe.
748 539 906 605 dicacitas
951 541 1048 604 etiam
1093 539 1240 604 scurrilis
1281 549 1313 602 et

130 650 215 711 riorc
250 668 374 731 genere
409 644 463 710 vel
493 647 690 711 narrationis
748 646 901 726 scaenica
934 645 1203 731 huicpersonae
1234 644 1311 712 alie-

129 752 182 817 vel
204 754 396 820 imitationis
424 753 557 818 vitanda
586 765 637 819 est
659 764 693 819 et
748 755 897 817 nissima.
914 761 978 832 est:
1015 751 1202 817 obscenitas
1231 775 1310 816 vero

128 863 302 934 mimorum
315 868 348 924 et
360 860 586 944 ethologorum
604 864 690 926 simi·
747 882 821 930 non,
849 882 883 942 a¹
903 858 1013 924 verbis
1041 869 1166 950 tantum
1190 858 1311 925 abesse

127 966 276 1049 litudo¹),
301 969 407 1030 sicin
442 966 505 1032 hoc
544 969 691 1033 scurrilis
748 965 856 1048 (lebet,
886 966 946 1030 sed
974 967 1071 1032 etiam
1100 989 1119 1030 a
1147 966 1311 1052 significa-

127 1075 249 1138 oratori
295 1074 451 1138 dicacitas
491 1097 691 1161 magnopere
747 1075 845 1142 tione.

128 1181 287 1266 fugienda
310 1192 369 1244 est.

195 1287 275 1354 252:
306 1298 468 1375 quartum,
492 1287 690 1372 obscenitas,

129 1416 194 1458 non
217 1395 315 1459 modo
339 1416 404 1459 non
426 1396 497 1460 foro
515 1396 615 1481 digna
631 1398 693 1462 sed

128 1502 185 1565 vix
224 1503 375 1567 convivio
414 1501 592 1568 hberomm
637 1504 690 1589 (cl.

129 1607 217 1692 242).

195 1716 278 1780 244:
309 1716 373 1780 hoc
397 1720 513 1805 opinor
540 1721 692 1804 primum,
815 1713 874 1777 30:
910 1725 1108 1802 quapropter
1147 1739 1188 1780 ne
1223 1716 1312 1781 dicet

131 1844 181 1900 ne,
206 1825 527 1910 quotiensqucmque
550 1829 693 1912 potuerit
749 1820 881 1907 quidem
895 1819 993 1901 salse,
1011 1823 1163 1908 quotiens
1180 1824 1308 1911 poterit,

130 1927 250 1992 dictum
268 1929 691 2012 dici,necessehabeamus
748 1938 780 1992 et
819 1927 942 1992 dictum
980 1930 1090 2014 potius
1135 1930 1309 2015 aliquando

131 2035 248 2102 dicere.
748 2035 866 2122 perdet
894 2057 992 2121 quam
1022 2038 1147 2101 minuet
1171 2039 1309 2102 auctori-

747 2151 858 2206 tatem.

195 2249 275 2315 237:
298 2272 376 2314 nam
399 2275 462 2316 nec
477 2254 617 2339 insignis
633 2257 690 2319 im·
815 2249 1188 2315 maerensmaerens
1201 2262 1310 2318 autem

129 2354 273 2440 probitas
298 2367 331 2422 et
355 2357 480 2423 scelere
503 2361 615 2426 iuncta
629 2385 692 2428 nec
747 2356 851 2419 aimei
873 2356 906 2418 in
931 2378 1033 2421 causa
1055 2379 1117 2420 ¹100
1138 2366 1309 2444 patronum

129 2485 244 2527 rursus
268 2466 401 2528 miseria
416 2468 555 2552 insignis
572 2471 693 2554 agitata
747 2463 781 2525 in
817 2461 995 2527 miserabili
1030 2466 1190 2530 iocantem
1226 2466 1310 2532 feret

129 2569 253 2634 ridetur
277 2570 332 2651 (cf.
350 2593 436 2657 quae
458 2586 616 2640 secuntur
638 2599 692 2641 us·
749 2570 932 2656 quisquam.

129 2697 191 2760 que
216 2676 258 2740 ad
281 2677 382 2742 finem
405 2682 574 2765 proximae
597 2706 691 2768 para·

128 2782 269 2869 graphi).

195 2891 277 2954 245:
316 2895 421 2957 omnis
451 2904 502 2959 est
533 2898 618 2962 risus
657 2902 691 2963 in
813 2889 871 2953 32:
898 2889 982 2955 solet
1004 2893 1132 2958 interim
1157 2895 1307 2959 accidere

129 2996 271 3060 iudicem
290 3021 483 3084 conversus,
507 3005 615 3068 visum
641 3017 691 3070 est
746 3005 782 3059 ui
815 2996 859 3079 id,
896 2998 984 3083 qUOd
1012 3001 1045 3062 ill
1080 2999 1308 3066 adversarium

128 3111 231 3167 totum
248 3106 385 3171 scurrile
401 3108 586 3175 ridiculum.
612 3135 690 3199 ergo
747 3102 897 3179 dicimus,
923 3115 979 3168 aut
1007 3107 1040 3169 in
1064 3107 1207 3172 iudicem
1232 3131 1307 3173 0011·

127 3210 221 3292 haec,
246 3234 330 3298 quae
355 3214 474 3279 cadere
494 3230 635 3302 possunt
656 3223 690 3285 jn
745 3211 857 3273 veniat
879 3221 934 3275 aut
956 3213 989 3275 in
1010 3222 1158 3278 nostrum
1175 3236 1305 3301 quoque

127 3339 211 3402 quos
235 3318 330 3402 nolis,
349 3324 498 3405 quamvis
516 3326 581 3390 sint
594 3326 689 3412 bella,
744 3313 950 3400 fitigalfflem·

127 3433 205 3488 sunt
227 3435 337 3490 tamen
360 3429 433 3514 ipso
457 3453 580 3515 genere
598 3457 688 3500 scur—
772 3493 775 3500 .

127 3529 208 3598 rilia.

233 3674 334 3740 Plura
350 3677 467 3745 afferre
483 3703 621 3766 possum
637 3708 655 3750 c
673 3687 843 3756 Ciceronis
861 3693 1091 3779 disputatione,
1114 3716 1199 3782 quae
1216 3699 1304 3764 simi-

126 3779 201 3846 liter
223 3783 312 3868 apud
328 3784 565 3865 Quintilianum
581 3790 750 3879 leguntur3
772 3798 832 3862 sed
855 3801 1007 3885 praefero
1025 3801 1173 3866 Oratoris
1194 3803 1304 3870 locum

127 3887 327 3972 adscribere,
364 3896 419 3979 qui
454 3918 520 3960 non
556 3898 662 3964 solum
691 3925 765 3968 cunr
797 3927 837 3970 ea
864 3910 1071 3994 paragrapho
1101 3909 1302 3991 Quintiliani,

128 4017 225 4080 quam
251 3997 391 4085 adpone,
415 4005 657 4088 comparandus
681 4020 741 4093 est,
759 4012 820 4076 sed
836 4014 1028 4080 omniafere
1046 4019 1200 4099 continet,
1218 4040 1303 4104 quae

127 4103 159 4164 in
184 4101 266 4168 libro
291 4104 332 4168 de
357 4117 484 4174 oratore
509 4110 660 4195 dispersa
681 4119 900 4185 inveniuntur.
