3252 5082
601 406 822 468 -17-

116 587 159 646 αἱ
184 583 221 646 δὲ
243 582 380 655 εὐτελεῖς
395 581 523 663 μᾶλλον
547 583 599 646 καὶ
617 579 844 664 κωμικώτεραι,
869 577 1059 664 σκώμμασιν
1080 584 1215 648 ἐοικυῖαι
1237 585 1302 651 ιιτλ,

119 693 234 772 Quam
259 690 453 755 divisionem
477 713 595 776 sapere
619 689 800 754 doctrinam
824 690 1074 775 Peripateticam
1099 691 1210 756 dicere
1238 715 1304 756 non

120 821 210 884 opus
229 807 294 877 est,
321 811 405 862 ‘cum
430 799 534 884 ipsius
559 795 746 861 Aristotelis
783 796 885 860 verba
921 799 952 860 in
989 807 1131 862 mentem
1158 810 1303 882 revocet,

121 905 248 998 quibus
274 905 431 970 discernit
460 907 575 990 poesin
613 907 646 969 in
682 904 764 968 duas
794 905 942 991 partes1l.
991 903 1198 971 Observatur
1221 907 1304 971 haec

118 1009 246 1079 divisio
269 1035 328 1098 per
352 1019 450 1078 totam
476 1012 739 1098 disputationem,
766 1011 826 1075 scd
848 1014 894 1074 ita
917 1021 952 1075 ut
974 1011 1147 1076 ridiculum
1171 1016 1304 1100 saepius

118 1120 330 1205 neglegatur,
355 1141 460 1206 paone
487 1141 654 1205 nusquam
678 1117 783 1183 solum
812 1126 982 1200 tractatum
1021 1141 1085 1204 qua
1109 1141 1210 1184 exre
1234 1123 1304 1185 iure

118 1229 307 1294 concludas
332 1229 455 1293 fontem
479 1228 577 1293 huius
595 1229 722 1314 exerpti
745 1248 811 1291 non
835 1249 911 1290 csse
934 1225 1053 1291 librum
1075 1228 1147 1311 περὶ
1170 1226 1302 1310 γελοίου,

119 1338 188 1402 sed
219 1337 293 1420 περὶ
323 1316 451 1418 χάριτος
475 1338 642 1421 scripturn.
689 1337 824 1399 Librum
854 1335 894 1398 de
919 1333 1057 1398 ridiculo
1088 1337 1304 1420 compositum

118 1469 143 1508 a
168 1449 284 1508 nostro
320 1445 478 1529 scriptore
509 1445 639 1508 omnino
676 1465 742 1506 non
778 1441 958 1506 adhibitum
992 1463 1067 1505 esse
1092 1452 1195 1528 puto3
1228 1465 1305 1507 narn

119 1565 163 1615 ut
190 1553 224 1613 in
254 1549 528 1636 disputationibus
566 1550 606 1613 de
642 1551 712 1612 risu
736 1549 926 1634 compositis
962 1551 1066 1632 gratia
1103 1550 1250 1613 severior
1273 1552 1305 1612 in

124 1659 408 1743 comparationem
434 1658 544 1720 vocari
569 1655 706 1737 solebat,
741 1658 789 1719 sic
813 1658 847 1718 in
870 1654 953 1719 libro
979 1655 1051 1737 περὶ
1077 1651 1205 1736 χάριτος
1229 1678 1305 1721 con-

124 1766 252 1850 scripto
281 1763 453 1828 ridiculum
482 1763 614 1848 neglegi
637 1785 702 1826 non
735 1770 871 1848 poterat.
918 1763 1008 1826 Inter
1032 1784 1183 1827 severum
1209 1765 1305 1845 enim,

122 1872 218 1956 quod
244 1882 294 1934 est
317 1873 483 1956 proprium
508 1869 707 1954 tragoediae,
745 1879 777 1932 et
807 1868 991 1950 ridiculum,
1028 1869 1116 1953 quod
1138 1873 1306 1956 proprium

117 1990 181 2043 ,est
210 1978 408 2048 comoediae,
445 1988 621 2040 venustum
649 1997 755 2060 genus
784 1976 927 2040 medium
956 1986 1044 2040 tenet
1068 1979 1176 2041 locum
1204 1979 1248 2041 ita
1272 1987 1308 2042 ut

123 2097 304 2170 utrumque
320 2106 385 2148 non
402 2083 499 2147 modo
516 2085 662 2167 attingat,
688 2083 749 2146 sed
770 2084 867 2146 etiam
884 2084 1055 2168 utriusque
1071 2085 1236 2170 particeps
1254 2087 1305 2150 sit.

241 2227 307 2292 Sed
335 2229 549 2312 inspiciamus
582 2228 687 2311 ipsam
722 2226 985 2311 disputationem,
1023 2248 1107 2310 quae
1143 2228 1321 2314 quomodo*

122 2337 312 2420 composita
335 2335 377 2397 sit
395 2336 479 2398 scire
494 2343 607 2398 nostra
622 2336 774 2416 interest,
798 2353 816 2396 c
841 2330 979 2417 singulis
996 2332 1096 2397 rebus
1122 2356 1161 2397 ca
1180 2343 1305 2399 tantum

121 2444 339 2524 attingemus,
365 2463 448 2527 quae
473 2444 605 2526 proprie
630 2441 671 2504 ad
696 2441 798 2504 risum
823 2441 994 2525 pertinent.

239 2587 280 2664 ἐξ
307 2583 429 2667 132s33
464 2582 567 2648 altera
602 2585 704 2670 priori
739 2583 947 2667 subiungitur
971 2584 1100 2666 divisio,
1136 2607 1175 2647 ac
1202 2586 1306 2670 primo

121 2692 247 2780 obtutu
272 2713 471 2775 cognoscere
500 2691 595 2754 nobis
625 2691 773 2754 videmur
802 2713 874 2754 cam
904 2692 1107 2769 divisionem,
1145 2714 1243 2776 quam
1274 2694 1306 2756 in

122 2797 283 2863 omnibus
309 2798 636 2862 commentationibus
661 2799 702 2862 de
726 2797 865 2862 ridiculo
891 2799 1085 2883 conscriptis
1109 2800 1307 2881 invenimus,

124 2929 191 2970 nos
208 2908 348 2990 primum
365 2908 399 2968 in
414 2915 553 2969 tractatu
572 2905 772 2969 Coisliniano
790 2905 942 2986 vidimus,
967 2902 1142 2986 πράγματα
1159 2916 1191 2970 et
1205 2905 1306 2980 λέξινε

239 3011 319 3073 εἰσὶν
343 3009 380 3073 δὲ
402 3014 437 3073 αἱ
459 3013 519 3091 μὲν
542 3012 577 3074 ἐν
601 3023 667 3084 τοϊς
690 3009 858 3092 πράγμασι
886 3008 1012 3094 χάριτες
1036 3050 1077 3058 —-

239 3115 280 3179 τὰ
304 3116 339 3180 δὲ
364 3120 417 3181 καὶ
441 3115 560 3202 tarra
586 3129 674 3181 ποιεῖ
694 3116 957 3203 ἐπιχαριτώτερα,
982 3143 1021 3182 ac
1045 3142 1080 3183 re
1115 3105 1195 3183 uera
1229 3122 1309 3184 scri·

132 3229 220 3313 ptori
243 3225 299 3290 illa
323 3248 419 3312 quam
444 3229 595 3291 novimus
625 3227 742 3290 divisio
766 3228 831 3289 iam
857 3225 910 3289 hic
927 3238 1002 3290 ante
1019 3226 1131 3291 oculos
1147 3237 1307 3293 versatur.

129 3333 199 3398 Sed
223 3332 320 3417 longe
344 3331 407 3396 alio
433 3357 534 3397 sensu
557 3332 755 3398 vocabulum
781 3331 920 3414 πρᾶγμα
943 3332 996 3396 hic
1021 3345 1211 3419 usurpatur:
1240 3332 1309 3397 οἷον

128 3450 290 3524 νομφαϊοι
323 3439 432 3522 κῆποι,
471 3437 629 3521 ὑμέναιοι,
669 3441 791 3520 ἔρωτες,
829 3437 889 3521 ὅλη
923 3463 941 3522 η
977 3440 1139 3524 Σαπφοῦς
1173 3443 1306 3524 ποίησις,

129 3548 275 3629 Πρᾶγμο
311 3568 388 3631 ergo
416 3548 478 3610 hoc
512 3545 585 3612 loco
610 3547 689 3610 nihil
724 3545 813 3610 aliud
850 3557 900 3609 est
931 3548 994 3609 nisi
1017 3543 1088 3629 ὅλη,
1126 3569 1191 3632 qua
1225 3570 1308 3612 voce

128 3655 255 3717 rectius
280 3653 417 3717 eandem
445 3676 514 3717 rem
539 3655 680 3740 scriptor
711 3653 875 3738 significat
904 3653 922 3737 ξ
950 3653 1021 3716 163.
1069 3654 1143 3718 Hoc
1170 3654 1242 3720 loco
1267 3655 1308 3718 de

129 3761 269 3824 materia
284 3771 408 3825 tantum
424 3761 588 3845 agendum
603 3771 681 3842 erat,
700 3781 784 3846 quae
798 3770 1005 3846 comparatur
1022 3783 1096 3824 cum
1114 3761 1307 3839 elocutione,

131 3855 228 3930 cuius
252 3869 284 3929 vi
320 3890 385 3931 non
412 3868 509 3932 modo
536 3869 641 3951 gratia
676 3871 832 3932 materiae
862 3877 1008 3952 augetur,
1046 3867 1104 3930 sed
1140 3870 1238 3933 etiarn
1261 3871 1309 3931 in-

132 3985 294 4038 venustac
319 3996 371 4038 res
397 3984 553 4038 venustae
578 3975 761 4038 redduntur
783 3975 998 4058 (133-135).

159 4158 244 4166 ..—‚..-
264 4159 328 4163 -,,-
339 4159 347 4162 ,

244 4281 264 4346 ¹)
284 4279 337 4330 Ars
354 4280 431 4345 poet.
451 4278 475 4336 4,
496 4295 522 4345 p.
543 4276 613 4329 1448
634 4278 650 4329 b
670 4279 718 4329 24:
743 4276 894 4343 διεσπάσθη
919 4275 947 4329 δὲ
966 4278 1032 4329 κατὰ
1052 4278 1087 4328 τὰ
1111 4273 1194 4330 οἰκεῖα
1217 4277 1274 4344 ἤθη
1293 4279 1308 4342 ἡ

136 4367 248 4432 ποίησις·
278 4362 305 4418 οἱ
320 4367 369 4434 μὲν
396 4368 447 4436 γὰρ
470 4369 621 4433 σεμνότεροι
646 4367 693 4421 τὰς
720 4363 802 4422 κοιλὰς
830 4363 969 4433 ἐμιμοῦντο
993 4365 1098 4434 πράξειε
1120 4370 1164 4417 καὶ
1188 4365 1236 4422 τὰς
1257 4373 1310 4417 τῶν

135 4455 266 4519 τοιούτων,
286 4450 313 4506 οἱ
329 4451 357 4506 δὲ
375 4452 547 4524 εὐτελέστεροι
564 4453 612 4510 τὰς
629 4455 682 4506 τῶν
700 4452 816 4522 φαύλων.

1114 4542 1130 4593 2
