3252 5082
804 369 1003 433 -6-

320 549 500 630 Αθηναίοις
522 543 582 630 τήν
605 546 663 630 τῆς
679 544 846 630 θαλάττης
861 543 967 632 α’ρχήιι
990 543 1033 629 μή
1052 542 1156 631 ἀρχὴν
1172 542 1254 609 εἶναι
1277 545 1344 608 τῶν
1367 547 1490 608 κακῶν·

320 650 465 716 ὄνασθαι
486 650 548 738 γάρ
571 652 637 716 κτλ.

423 759 603 847 Expressis
627 760 739 825 verbis
762 764 796 826 in
819 764 859 825 iis
885 783 969 847 quae
995 763 1232 846 exscripsimus
1261 760 1492 824 adsciscuntur

318 867 465 950 ridicula,
501 876 599 955 atque
627 877 775 955 apertum
811 879 861 932 est
889 867 1110 950 Aristotelem,
1145 865 1202 931 ubi
1230 866 1415 931 disserebat
1451 867 1492 930 de

320 973 468 1057 ridiculo,
504 978 613 1039 omnia
644 997 683 1040 ea
718 997 801 1062 quae
830 975 883 1039 hic
913 973 1115 1061 collegimus,
1151 983 1292 1038 tractare
1324 973 1491 1051 debuisse,

319 1083 496 1166 praecipue
528 1092 636 1146 autem
664 1080 705 1145 od
735 1085 1037 1165 παραπεποιημέιια,
1073 1082 1107 1146 id
1141 1091 1191 1145 est
1225 1077 1262 1144 τὸ
1293 1077 1493 1165 παράδοξον,

319 1183 356 1250 τὸ
380 1185 610 1271 παράγραμμα,
645 1187 706 1273 τὴν
740 1187 948 1274 παρῳδίανῑ).
995 1189 1110 1275 Neque
1145 1191 1233 1252 enim
1268 1189 1346 1252 satis
1382 1190 1493 1252 mirari

319 1297 455 1380 possum
479 1317 498 1359 a
520 1295 713 1383 Bernaysio,
744 1319 819 1361 cum
844 1297 1126 1360 demonstraturus
1151 1304 1241 1359 esset
1265 1295 1342 1380 quid
1369 1296 1492 1358 Aristo-

319 1398 401 1464 teles
425 1400 466 1465 de
482 1402 619 1466 ridiculo
637 1404 813 1484 docuisset,
838 1402 921 1466 haec
937 1404 1016 1466 artis
1033 1402 1215 1466 rhetoricae
1232 1404 1340 1486 capite
1356 1424 1492 1486 prorsus

319 1505 470 1591 neglecta
497 1531 581 1573 esse.

426 1615 623 1680 Addendum
647 1627 697 1681 est
720 1617 929 1703 metaphorae
956 1617 1110 1702 subiungi
1133 1617 1174 1681 ab
1198 1615 1374 1681 Aristotele

480 1723 725 1788 similitudinem
749 1724 793 1811 (p.
821 1725 907 1789 1410
932 1724 951 1789 5
978 1724 1019 1788 16
1044 1733 1076 1787 et
1100 1725 1186 1788 1412
1212 1724 1231 1788 b
1255 1723 1325 1807 33),

479 1831 691 1915 proverbium
715 1833 760 1917 (p.
786 1832 872 1897 1413
897 1855 917 1897 a
942 1833 1005 1913 15),

481 1937 685 2022 hyperbolen
723 1939 763 2024 (p.
792 1940 877 2003 1413
903 1939 1015 2023 a19);
1052 1961 1136 2025 quae
1171 1961 1293 2023 genera
1327 1938 1492 2024 prioribus

321 2043 529 2128 adiungenda
552 2055 637 2108 sunt.

424 2167 499 2233 Alio
532 2181 703 2256 praeterea
730 2171 802 2237 loco
832 2172 1029 2238 Aristoteles
1059 2172 1193 2236 disserit
1223 2171 1265 2234 de
1294 2170 1491 2254 quibusdam

319 2274 427 2349 rebus,
464 2299 548 2362 quae
584 2277 693 2366 aliquo
729 2281 826 2345 modo
862 2281 904 2345 ad
938 2289 1084 2344 nostram
1120 2280 1289 2343 materiam
1317 2279 1491 2364 pertinent.

319 2381 433 2467 Capite
459 2386 552 2448 tertio
582 2387 667 2450 enim
690 2385 765 2450 libri
794 2389 880 2451 tertii
905 2410 943 2452 ea
974 2396 1099 2464 tractat,
1135 2407 1220 2470 quae
1251 2394 1287 2449 ut
1317 2384 1437 2470 frigida
1459 2386 1493 2446 in

319 2491 463 2554 oratione
495 2492 642 2576 pedestri
665 2495 797 2559 vitanda
821 2497 899 2576 sint3
935 2493 1056 2579 frigida
1079 2494 1166 2557 enim
1195 2515 1266 2556 eam
1292 2491 1333 2555 ob
1358 2513 1492 2555 causam

319 2607 492 2678 vocantur,
533 2600 621 2683 quod
657 2604 801 2665 sermoni
834 2602 979 2687 pedestri
1015 2603 1123 2664 minus
1161 2600 1360 2663 conveniunt
1395 2620 1490 2684 quam

319 2703 421 2787 poesi.
470 2703 537 2768 Sed
565 2706 651 2769 idem
685 2709 773 2793 quod
797 2710 950 2772 vitiosum
978 2717 1029 2771 est
1063 2710 1097 2771 in
1132 2729 1248 2770 severa
1273 2707 1428 2782 oratione,
1465 2707 1493 2767 si

319 2809 457 2874 ridicule
486 2811 669 2895 adhibetur,
704 2815 801 2880 facile
837 2818 939 2879 risum
967 2824 1091 2895 movet3
1127 2817 1237 2900 itaque
1267 2813 1402 2877 eaedem
1426 2835 1491 2891 res,

322 2938 405 3001 quae
431 2918 582 2983 vitandae
607 2931 684 2985 sunt
706 2924 738 2985 in
763 2945 915 2987 sermone
940 2944 1067 2999 severo,
1092 2923 1230 2984 virtutes
1253 2919 1336 2983 fiunt
1363 2921 1397 2982 in
1426 2940 1492 2983 ser-

321 3046 417 3087 mone
433 3027 556 3090 iocoso.
606 3027 712 3107 Quam
729 3031 924 3094 sententiam
948 3031 1054 3115 ipsius
1078 3027 1264 3091 Aristotelis
1289 3026 1399 3090 verbis
1417 3047 1492 3090 con-

320 3131 450 3196 firmare
472 3132 549 3198 licet
572 3134 614 3220 (p.
639 3136 725 3202 1406
749 3161 769 3201 a
792 3137 862 3219 32):
899 3132 951 3198 dui
974 3133 1146 3218 ποιητικῶς
1167 3132 1312 3212 λέγοντες
1335 3132 1373 3220 τῇ
1397 3132 1493 3213 ἀπρε-

319 3240 399 3319 πείᾳ
420 3235 458 3302 τὸ
483 3239 609 3318 γελοῖον
631 3244 684 3305 καὶ
711 3241 749 3305 τὸ
776 3241 907 3330 ψυχρὸν
933 3241 1115 3323 ἐμποιοῦσι,
1140 3241 1191 3303 καὶ
1220 3237 1258 3302 τὸ
1288 3235 1415 3323 ἀσαφὲς
1438 3234 1493 3300 διὰ

319 3341 379 3427 τήν
393 3342 624 3435 α’δολεσχίανῗ),
650 3351 846 3416 Tractentur
861 3360 969 3416 autem
985 3350 1049 3413 hoo
1064 3350 1170 3434 capite
1189 3356 1340 3433 quattuor
1355 3367 1493 3431 generor

479 3453 584 3518 διπλᾶ
609 3455 758 3538 ὀνόματα
782 3461 826 3546 (p.
853 3459 939 3524 1405
963 3458 983 3522 b
1008 3457 1073 3541 35),

479 3562 619 3638 γλῶτται
644 3567 689 3651 (p.
711 3567 796 3632 1406
820 3589 839 3630 a
863 3569 904 3648 7),

481 3670 623 3733 ἐπίθετα
646 3670 753 3758 μακρὰ
776 3675 795 3757 ἢ
821 3673 934 3758 ἄκαιρα
958 3671 977 3755 ἢ
1003 3668 1108 3734 πυκνοὶ
1135 3670 1179 3756 (p.
1207 3669 1292 3734 1406
1317 3692 1336 3731 a
1361 3667 1426 3749 10),

482 3783 664 3864 μεταφοραί
686 3782 729 3866 (p.
756 3782 842 3845 1406
865 3781 886 3844 b
911 3781 958 3860 5).

384 3955 386 3960 .
427 3900 621 3986 Reperimus
658 3907 755 3970 etiam
790 3907 824 3969 in
859 3905 922 3969 hoc
958 3914 1114 3970 contextu
1149 3901 1388 3987 metaphoram,
1428 3920 1493 3961 non

323 4006 455 4090 quidem
492 4032 631 4085 omnem,
669 4012 729 4077 sed
756 4009 817 4096 τὴν
844 4009 980 4097 α’πρεπῆ
1012 4005 1210 4094 μεταφοράν,
1247 4017 1345 4092 atque
1381 4013 1493 4091 aperte

323 4111 441 4179 dicitur
475 4138 547 4180 eam
584 4141 658 4183 esse
693 4119 865 4185 ridiculam
898 4143 963 4185 non
998 4117 1112 4200 modo,
1149 4116 1208 4181 sed
1244 4116 1341 4179 etiam
1372 4111 1493 4176 habere

430 4328 451 4394 ¹)
471 4328 516 4383 Sic
535 4331 631 4388 licebit
650 4335 808 4403 significare
826 4335 860 4388 τὰ
877 4332 1114 4405 ποιροιπεποιημὲνοι
1132 4331 1224 4399 μέτρα·

429 4422 449 4487 ἱ)
471 4419 505 4475 cf.
526 4442 553 4491 p.
574 4424 643 4480 1408
665 4442 682 4479 a
701 4427 733 4478 11
755 4443 813 4493 sqq.
