3252 5082
789 385 1007 449 *50-

308 563 556 654 absconditam'.
572 562 793 644 ¹Quintilianus
808 562 980 627 Ciceronis
990 562 1101 640 locum
1113 574 1188 627 ante
1203 563 1315 627 oculos
1329 563 1489 645 habuisse
1551 637 1556 644 ¹

308 669 446 751 videtur,
471 693 513 734 ex
538 692 601 756 quo
626 672 723 734 etiam
746 671 885 755 primurn
912 670 1099 755 exemplum
1123 680 1290 734 mutuatus
1315 682 1373 735 est.

413 794 621 860 Divisionem
646 804 755 858 autem
780 793 898 858 deinde
923 795 1089 859 subnectit
1112 797 1262 880 scriptor,
1287 817 1372 881 quae
1396 797 1489 882 apud

308 900 502 966 Ciceronem
525 923 590 964 non
606 903 782 982 invenitur,
799 902 858 965 sed
875 923 990 964 rursus
1014 902 1057 965 ad
1074 899 1302 967 collectionem
1319 901 1487 988 quandam

307 1007 468 1072 dictorum
496 1006 673 1072 referenda
704 1007 758 1071 vel
792 1031 812 1072 a
840 993 1203 1088 Quintiliano'inventa
1238 1018 1290 1073 est
1317 1009 1405 1093 (89):
1443 1014 1490 1072 ‘et

306 1114 440 1180 hercule
464 1116 571 1180 omnis
596 1114 683 1180 salse
709 1114 842 1179 dicendi
865 1117 947 1178 ratio
972 1117 1005 1178 in
1034 1138 1073 1180 eo
1098 1126 1158 1194 est,
1188 1125 1223 1179 ut
1249 1115 1357 1198 aliter,
1387 1138 1488 1202 quam

307 1231 358 1285 est
380 1232 506 1285 rectum
530 1243 722 1307 verumque,
748 1221 876 1286 dicatur
886 1220 921 1307 ¹):
945 1220 1033 1305 quod
1057 1221 1094 1285 fit
1117 1230 1221 1285 totum
1241 1220 1406 1306 fingendis
1430 1235 1490 1287 aut

305 1329 427 1394 nostris
450 1337 507 1393 aut
530 1327 646 1392 alienis
663 1327 934 1413 persuasionibus
958 1338 1014 1392 aut
1038 1327 1190 1410 dicendo,
1216 1328 1305 1415 quod
1327 1328 1401 1393 fieri
1419 1351 1490 1394 non

305 1433 434 1521 potest'.
481 1435 534 1499 Ad
571 1433 712 1499 similem
745 1435 870 1500 fontem
905 1434 1067 1521 exempla,
1098 1456 1182 1521 quae
1218 1435 1272 1500 hie
1306 1435 1490 1500 afferuntur

307 1545 350 1624 ἐξ
388 1543 501 1624 90191,
540 1542 681 1607 redeunt
703 1552 802 1628 atque
826 1539 978 1627 exempla
1002 1544 1044 1622 ἐξ
1069 1542 1213 1624 59—83,
1242 1565 1371 1609 acuon
1396 1553 1490 1607 certa

307 1649 448 1737 quadem
471 1650 597 1713 ratione
622 1649 783 1734 disposita
805 1649 911 1713 fuisse
928 1649 1091 1731 videntur,
1115 1660 1151 1713 ut
1173 1650 1216 1714 ad
1233 1650 1400 1715 diversam
1414 1671 1488 1714 rem

306 1755 533 1821 illustrandam
557 1756 644 1820 idern
669 1756 792 1820 dictum
817 1755 987 1821 Ciceronis
1011 1756 1145 1820 affertur
1175 1756 1193 1840 ξ
1218 1757 1271 1838 90,
1296 1756 1384 1842 quod
1407 1757 1488 1838 §73

306 1862 438 1928 allatum
462 1875 522 1928 est.

325 2025 327 2030 ·
414 1988 513 2068 Quod
547 1998 656 2052 autern
684 1988 785 2053 adicit
813 1987 1034 2068 Quintilianus
1063 1989 1151 2072 (92):
1189 1989 1254 2052 ‘vel
1277 1992 1400 2075 optima
1435 1999 1490 2054 est

307 2094 470 2160 simulatio
494 2105 607 2160 contre
630 2095 846 2160 simulantem'
867 2097 982 2160 nescio
999 2119 1041 2160 an
1066 2106 1195 2182 spectet
1211 2095 1380 2160 Ciceronis
1404 2095 1489 2159 illud

306 2201 424 2286 §2772
449 2206 510 2266 ‘est
525 2202 648 2266 bellum
664 2201 745 2266 illud
762 2224 903 2288 quoque,
929 2225 971 2266 ex
987 2224 1051 2288 quo
1076 2205 1116 2283 is,
1134 2205 1189 2287 qui
1214 2203 1300 2276 dicit,
1324 2203 1488 2268 inridetur

306 2313 338 2373 in
364 2331 403 2374 eo
427 2311 500 2395 ipso
524 2331 657 2393 genere,
683 2332 748 2394 quo
774 2308 873 2373 dicit'.

413 2432 591 2521 ‘Superest’
604 2437 669 2498 iam
682 2435 701 2517 ᾖ
714 2435 910 2519 84script0r
922 2456 1041 2499 novam
1054 2446 1182 2520 partem
1195 2434 1377 2508 incohavit3
1396 2457 1487 2498 nunc

306 2566 345 2606 ea
368 2564 491 2626 genera
524 2542 746 2625 adiunguntur
781 2564 865 2627 quse
900 2543 934 2605 iu
964 2540 1127 2627 prioribus
1164 2544 1287 2607 omissa
1321 2550 1407 2616 sunt,
1445 2565 1487 2604 ac

305 2651 444 2734 primum
480 2647 613 2734 quidem
647 2650 711 2712 ioci
745 2647 839 2712 lenes
879 2659 911 2712 et
946 2648 1033 2712 ‘boni
1068 2648 1256 2729 stomachi’,
1292 2651 1326 2712 in
1362 2647 1486 2734 quibus

304 2756 470 2820 Domitius
494 2756 578 2819 Afer
605 2764 736 2841 praeter
765 2763 892 2819 ceteros
918 2753 1072 2818 excelluit
1099 2754 1154 2840 (ef.
1180 2756 1245 2840 27),
1271 2757 1365 2819 cuius
1394 2755 1487 2820 dicta

305 2862 467 2946 quaedam
502 2862 724 2946 afferuntur2).
784 2860 1010 2926 ‘Stomachosa
1038 2872 1071 2925 et
1105 2864 1200 2947 quasi
1228 2862 1434 2926 submorosa'
1465 2887 1486 2926 a

306 2969 467 3034 Cicerone
491 2979 671 3033 tractantur
695 2969 714 3054 ξ
738 2969 814 3050 279,
838 2978 936 3054 atque
960 2968 1012 3031 his
1037 2977 1246 3054 opponuntur
1269 2968 1369 3034 lenia:
1395 2968 1486 3034 ‘huic

305 3079 418 3160 generi
443 3079 538 3162 quasi
562 3072 760 3140 contrarium
785 3086 835 3139 est
857 3075 988 3139 ridiculi
1011 3098 1116 3160 genus
1140 3078 1295 3161 patientis
1319 3099 1358 3139 ac
1374 3075 1483 3142 lenis'.

305 3184 358 3248 Ex
381 3184 575 3249 collectione
592 3184 754 3248 dictorum
777 3181 850 3246 Afri
875 3186 971 3246 etiam
993 3185 1179 3268 proximum
1202 3205 1307 3267 genus
1331 3187 1487 3269 provenit

305 3291 388 3374 (94):
425 3293 486 3354 ‘est
515 3301 629 3376 gratus
657 3294 765 3372 iocuS,
803 3293 859 3376 qui
887 3293 995 3354 minus
1025 3290 1201 3375 exprobrat
1225 3312 1323 3377 quam
1350 3291 1483 3376 potest'.

305 3398 403 3478 Quod
418 3399 537 3463 deinde
554 3401 674 3484 pergit:
700 3400 838 3462 ‘interim
858 3397 898 3460 de
916 3419 952 3460 se
964 3395 1076 3460 dicere
1088 3396 1262 3460 ridiculum
1281 3397 1339 3461 est'
1354 3407 1483 3461 certum

304 3505 470 3591 quoddam
488 3506 611 3570 dictum
629 3515 704 3569 ante
722 3503 835 3568 oculos
852 3502 974 3568 habere
990 3504 1135 3586 videtur;
1161 3527 1235 3568 nam
1252 3513 1356 3568 totum
1372 3527 1483 3588 genus

303 3613 488 3699 repudiavit
515 3613 533 3696 ξ
562 3612 621 3695 82;
657 3614 842 3698 proximum
871 3612 927 3690 t‘ct
955 3611 1043 3697 quod
1073 3613 1109 3674 in
1132 3610 1233 3675 alium
1257 3614 1285 3674 si
1309 3610 1482 3676 absentem

304 3715 476 3801 diceretur,
495 3719 657 3784 urbanum
681 3742 746 3784 non
771 3728 850 3799 erat,
869 3721 1022 3804 quoniam
1046 3720 1111 3804 ipsi
1127 3717 1234 3803 palam
1253 3716 1482 3804 exprobratur,

303 3837 415 3891 movet
436 3826 561 3911 risum')
589 3850 703 3890 rursus
728 3826 769 3890 ad
787 3824 1015 3890 collectionem
1034 3825 1195 3888 dictorum
1211 3826 1353 3908 Augusti
1370 3825 1483 3889 redire

304 3934 440 3998 videtur.

410 4040 543 4105 Omissa
572 4052 664 4104 erant
692 4062 808 4104 versus
844 4048 877 4102 et
912 4040 1085 4123 proverbia
1121 4062 1139 4100 a
1168 4038 1327 4103 Cicerone
1365 4053 1482 4105 contra

322 4276 326 4284 ¹
368 4249 371 4258 ’
410 4255 430 4319 ¹)
450 4254 485 4307 cl.
504 4259 519 4320 ξ
539 4253 556 4306 6
576 4253 732 4307 ‘ridiculum
751 4252 858 4306 dictum
876 4254 1040 4321 plerumque
1058 4251 1159 4304 falsum
1180 4251 1239 4303 est'.

324 4383 326 4390 .
410 4345 430 4410 ²)
449 4343 543 4397 Verba
569 4343 622 4395 turb
648 4343 681 4396 τὸ
708 4335 776 4410 ἦθος
803 4341 879 4411 apud
903 4340 1024 4395 Graecos
1052 4355 1144 4407 neque
1167 4339 1279 4394 invenio
1299 4359 1389 4408 neque
1409 4342 1481 4396 satis

302 4435 441 4503 explicare
454 4451 580 4502 possnm;
599 4432 720 4486 fortasse
738 4431 906 4484 adiectivum
928 4429 1068 4498 quoddam
1088 4429 1117 4480 in
1136 4424 1188 4480 ὑπὸ
1206 4429 1277 4482 latet
1296 4429 1374 4482 velut
1392 4429 1479 4495 ἤπιος,
