3252 5082
789 386 1007 452 -464

312 567 413 648 ducit,
440 566 659 646 Quintilianus
684 569 733 630 sic
756 568 884 652 incipit:
910 568 957 630 ‘ut
980 567 1059 629 fecit
1084 565 1119 631 C.
1144 564 1266 646 Iulius,
1292 576 1360 628 tum
1384 588 1497 650 paene

313 674 431 738 iisdem
455 675 566 738 verbis
589 696 660 737 rem
676 683 787 737 narrat
801 675 846 737 ita
862 684 897 736 ut
913 672 1108 739 Ciceronem
1126 675 1313 758 inspexisse
1330 671 1495 736 rideatur.

421 799 554 863 Dictum
573 801 792 863 Neronianum
816 799 857 862 de
882 820 990 879 servo,
1016 798 1103 883 quod
1127 796 1245 862 Cicero
1270 799 1363 861 affert
1378 796 1397 882 ξ
1414 798 1496 877 248,

313 918 349 969 ut
372 907 573 970 demonstret
597 928 639 969 ex
661 906 777 969 iisdem
802 905 883 969 locis
908 915 941 968 et
964 904 1119 968 ridiculas
1145 915 1177 968 et
1200 927 1334 968 severas
1359 914 1495 968 senten·

314 1016 375 1076 tias
413 1014 487 1077 duci
512 1034 631 1097 posse,
669 1012 756 1098 apud
786 1011 1022 1091 Quintilianum
1052 1011 1237 1096 exemplum
1270 1009 1495 1096 amphiboliae

313 1120 367 1183 vel
383 1119 559 1204 allegoriae
576 1122 660 1201 θεῖς’
677 1119 735 1198 50;
759 1142 801 1182 ne
825 1119 888 1182 hoc
913 1119 1045 1205 quidem
1070 1118 1187 1183 iisdem
1205 1117 1316 1182 verbis
1332 1117 1494 1182 redditur.

424 1245 530 1308 Etiam
548 1243 567 1328 ξ
585 1245 624 1308 81
652 1242 873 1323 Quintilianus
891 1243 1041 1328 exemplo
1060 1246 1159 1307 utitur
1175 1244 1216 1306 ad
1233 1265 1338 1327 genus
1362 1241 1496 1305 ridiculi

315 1351 545 1416 illustrandum
572 1351 663 1435 (hon
691 1373 814 1435 negare
842 1351 930 1434 quod
955 1349 1126 1430 obicitur⁷),
1152 1374 1215 1436 quo
1241 1349 1358 1414 Cicero
1381 1351 1495 1428 utitur,

314 1470 349 1522 ut
373 1459 576 1522 demonstret
600 1457 640 1521 ab
666 1469 734 1521 arte
756 1458 920 1522 hominem
936 1458 1079 1521 facetum
1097 1481 1162 1522 non
1180 1458 1329 1521 adiuvari
1345 1458 1377 1537 (ξ
1393 1456 1494 1537 220);

315 1566 375 1629 sed
409 1566 496 1629 idem
527 1565 651 1628 dictum
679 1565 719 1628 ab
762 1567 834 1650 ipso
870 1564 1030 1629 Cicerone
1066 1566 1183 1629 iterum
1219 1573 1498 1628 commemoratur

315 1673 428 1754 §255,
453 1672 509 1735 uhi
538 1671 673 1736 similem
701 1675 893 1735 sententiam
920 1674 1104 1735 invenimus
1122 1683 1219 1758 atque
1236 1673 1322 1757 apud
1340 1669 1496 1760 Quintili-

315 1801 436 1844 anum:
462 1779 502 1842 de
526 1779 635 1842 faceta
659 1779 870 1843 altercatione
895 1790 1034 1864 uterque
1057 1779 1209 1865 loquitur.

422 1885 471 1949 Eo
496 1886 638 1971 denique
663 1886 825 1971 exemplo,
850 1888 937 1970 quod
963 1889 982 1964 ξ
1007 1887 1072 1951 275
1097 1885 1224 1968 Cicero,
1251 1890 1270 1966 ξ
1296 1886 1336 1950 87
1362 1885 1492 1964 Quinti-

315 1991 420 2056 lianus
446 1993 548 2074 affert,
573 2002 711 2078 uterque
737 1993 975 2058 simulationem
1000 1993 1149 2058 illustrat.

420 2100 472 2162 Ex
496 2103 536 2163 iis
566 2123 649 2185 quae
675 2099 791 2185 collegi
817 2113 953 2187 apparet
977 2100 1212 2181 Quintilianum
1242 2100 1327 2163 bene
1356 2101 1495 2163 novisse

313 2207 567 2293 disputationem
600 2207 849 2272 Ciceronianam
878 2211 923 2272 ita
951 2219 986 2272 ut
1014 2208 1165 2294 exempla
1199 2209 1339 2271 maxime
1372 2207 1497 2270 idonea

314 2318 343 2378 ei
381 2326 455 2379 ante
492 2314 605 2378 oculos
641 2325 861 2394 versarentur,
892 2338 966 2379 cum
995 2317 1065 2400 ipse
1095 2315 1135 2379 de
1164 2317 1233 2378 risu
1262 2325 1388 2398 ageret3
1413 2337 1495 2376 nam

315 2444 380 2485 uno
406 2444 536 2508 quoque
565 2420 637 2485 loco
668 2444 740 2485 eum
767 2424 954 2508 inspexisse
980 2422 1150 2486 Ciceronis
1173 2421 1291 2486 librum
1316 2444 1381 2485 non
1407 2423 1496 2484 veri-

313 2529 421 2592 simile
452 2539 512 2610 est,
537 2551 575 2591 ac
599 2551 664 2592 non
688 2531 732 2592 ita
757 2529 878 2614 pendet
902 2552 943 2592 ex
961 2528 1131 2610 Cicerone,
1157 2541 1191 2592 ut
1214 2529 1267 2592 vel
1292 2532 1362 2592 eius
1388 2527 1497 2592 verba

313 2636 480 2699 exscribat
503 2634 556 2699 vel
581 2635 726 2699 ordinem
754 2637 988 2700 sententiarum
1014 2647 1132 2700 servet.
1181 2635 1274 2700 Idem
1304 2635 1495 2699 videbimus

314 2752 383 2806 tota
411 2744 630 2828 disputatione
658 2752 867 2828 pertractata,
897 2765 980 2828 quae
1012 2766 1075 2828 quo
1104 2744 1200 2807 modo
1231 2744 1412 2828 composita
1448 2746 1497 2806 sit

315 2874 402 2914 nunc
427 2872 637 2934 exponemus.

423 2957 569 3042 Scriptor
592 2959 707 3042 incipit
729 2957 958 3022 adifficultate
982 2962 1148 3037 materiae,
1174 2982 1269 3044 quam
1295 2958 1357 3023 hoc
1382 2959 1494 3043 capite

314 3065 517 3129 tractandam
554 3065 616 3128 sibi
640 3067 858 3150 proposuerit,
896 3068 989 3129 cuius
1021 3076 1130 3129 tamen
1165 3088 1231 3129 non
1263 3063 1493 3129 difficultatem

314 3172 421 3240 modo,
448 3172 507 3235 sed
532 3174 628 3235 etiam
653 3175 719 3235 vim
744 3183 776 3235 et
799 3173 929 3258 pondus
952 3173 1117 3258 explicare
1143 3174 1251 3238 studet
1274 3174 1328 3258 (ἐξ
1356 3173 1492 3255 1-16).

315 3281 388 3344 Hoc
412 3289 637 3361 argumentum
663 3303 727 3342 non
752 3303 873 3344 novum
898 3302 973 3343 esse
998 3281 1095 3344 docet
1119 3281 1245 3355 Cicero,
1272 3283 1366 3344 cuius
1386 3279 1494 3344 verba

223 3399 224 3406 ’
314 3389 421 3450 statim
448 3409 520 3449 cum
546 3386 775 3466 Quintilianeis
801 3388 1012 3473 comparab03
1050 3388 1109 3452 sed
1138 3387 1288 3473 exemplo
1318 3387 1491 3453 Ciceronis

314 3492 615 3579 Demosthenisque
640 3493 861 3573 Quintilianus
886 3495 954 3558 rein
978 3494 1126 3559 illustrat.
1174 3495 1321 3575 Quorum
1345 3497 1490 3559 virorum

314 3603 591 3685 comparationem
621 3603 866 3665 usitatissimam
902 3603 1008 3666 fuisse
1044 3625 1151 3687 neque
1183 3605 1346 3688 propriam
1377 3602 1491 3687 dispu-

313 3709 444 3771 tationis
469 3707 510 3770 de
533 3710 602 3771 risu
625 3709 791 3772 institutae
815 3718 925 3773 notum
951 3709 1041 3791 est1).
1090 3710 1347 3774 Demosthenem
1380 3722 1492 3773 autem

315 3815 421 3877 minus
438 3815 580 3878 facetum
597 3814 700 3878 fuisse
719 3837 819 3900 saepe
837 3816 959 3879 dictum
977 3827 1036 3894 est,
1061 3817 1094 3880 id
1112 3817 1200 3902 quod
1216 3827 1354 3881 testatur
1370 3814 1491 3880 Cicero

315 3924 346 3984 in
374 3921 511 3986 Oratore
547 3921 580 4007 (ξ
609 3922 710 4008 90)2);
746 3931 779 3986 at
808 3922 1001 3988 Ciceronem
1030 3947 1136 4006 suum,
1163 3927 1228 4010 ‘qui
1257 3927 1376 3988 nimius
1400 3926 1490 3988 risus

315 4028 498 4092 adfectator
532 4030 662 4093 habitus
702 4029 773 4110 est,
810 4031 957 4095 defendit
997 4030 1224 4111 Quintilianus.
1283 4033 1491 4116 Argumenta

423 4260 442 4324 ¹)
463 4259 498 4313 cf.
517 4264 577 4330 περὶ
596 4256 677 4326 ὕψους
695 4280 721 4328 p.
741 4262 784 4322 24,
804 4261 837 4314 21
858 4261 974 4325 Vahlen,
995 4262 1108 4326 Quintil.
1128 4263 1153 4316 X
1173 4264 1196 4324 1,
1217 4262 1269 4316 105
1279 4281 1338 4332 sqq.

423 4348 442 4414 ²)
463 4349 497 4402 cf.
517 4348 589 4403 Dion
617 4350 680 4403 Hal.
700 4349 1017 4418 v01.vlp.1122,61t;
1038 4352 1124 4404 otiam
1137 4351 1334 4406 Demosthenis
1353 4355 1490 4422 patronus

314 4436 433 4500 exstitit,
452 4437 487 4490 cf.
507 4438 698 4508 Hermogenes
718 4439 764 4508 Sp.
784 4439 811 4490 ll
829 4459 856 4507 p.
875 4439 937 4502 454,
956 4439 997 4494 10.
