3252 5082
827 399 1045 461 ...14-

352 583 507 640 vorentur
543 575 612 651 sed,
650 576 804 660 quoniam
840 575 950 640 omnia
976 576 1010 638 in
1038 598 1075 639 re
1105 587 1207 658 erant,
1237 576 1298 641 sub
1312 608 1314 614 ¹
1328 599 1431 642 unum
1455 600 1527 642 oon-

352 691 500 766 spectum
523 683 761 766 redigerentur.
809 683 902 748 Haec
927 685 956 746 si
980 685 1032 746 cui
1061 685 1170 748 minus
1194 683 1407 770 probabiliter
1431 707 1527 771 expo·

352 791 414 852 sita
437 809 513 852 esse
535 788 698 871 videntur,
723 790 866 874 refugiat
890 789 930 854 ad
954 791 1120 874 ignaviam
1146 793 1362 876 excerptoris.

451 930 612 997 'Ceterum
644 932 684 996 de
713 934 746 995 vi
777 956 816 996 ao
845 933 975 997 notione
1005 931 1210 1019 singulorum
1237 956 1396 1018 generum
1426 957 1524 999 accu-

350 1040 453 1102 ratius
478 1060 577 1125 agere
605 1061 671 1102 non
703 1061 786 1126 opus
816 1049 875 1121 est,
906 1062 1015 1126 neque
1052 1039 1188 1104 dubium
1225 1063 1301 1105 esse
1335 1050 1424 1127 puto,
1462 1063 1525 1126 qua

348 1148 474 1210 ratione
512 1154 676 1210 oratorum
711 1168 834 1230 genera
853 1137 855 1141 ’
871 1170 912 1211 ex
947 1146 998 1210 his
1028 1147 1218 1211 comoediae
1246 1147 1426 1233 generibus
1455 1158 1524 1211 orta

349 1254 422 1317 sint.
472 1251 523 1316 Ad
545 1248 680 1335 οἷπάτην
707 1253 824 1318 referri
849 1264 957 1340 potest
973 1264 1005 1318 et
1028 1257 1169 1318 narratio
1194 1253 1271 1320 ficta
1294 1267 1326 1318 et
1349 1254 1523 1336 simulatio,

349 1360 391 1424 ad
420 1355 575 1438 ὁμοίωσιν
603 1368 635 1423 et
664 1362 799 1424 imitatio
828 1359 1007 1446 depravata
1043 1369 1075 1424 et
1112 1360 1359 1436 similitudines,
1394 1361 1430 1424 aix
1463 1361 1520 1424 roi

348 1462 515 1528 ἀδυνάτου
538 1467 669 1531 ducitur
692 1465 883 1552 hyperbole,
906 1466 948 1530 ad
963 1465 1205 1530 a’vanoumotav
1228 1468 1369 1532 fortasse
1384 1467 1523 1532 redeunt

349 1572 576 1638 ‘subabsurda’
605 1575 837 1653 Romanorum,
867 1573 902 1636 ἐκ
931 1573 989 1635 τοῦ
1022 1569 1112 1656 παρὰ
1147 1572 1344 1655 προσδοκίαν
1377 1574 1523 1662 (praeter

348 1683 639 1766 exspectationem)
673 1678 820 1766 plerique
848 1683 913 1744 ioci
940 1679 1121 1750 trahuntur.
1170 1679 1326 1761 Quintum
1349 1702 1455 1766 genus
1481 1681 1520 1745 ab

346 1787 525 1851 Aristotele
550 1789 648 1850 etiam
671 1790 705 1850 in
729 1786 901 1851 rhetoricis
925 1787 1034 1852 afferri
1057 1787 1209 1852 vidimus.

454 1929 574 1995 Cetera
590 1940 699 1994 autem
714 1953 837 2015 genera
854 1953 928 1995 cum
954 1953 1096 1996 scaenae
1120 1934 1252 2017 propria
1269 1935 1342 2012 sint,
1360 1932 1403 1995 ad
1418 1941 1521 1995 artem

345 2037 544 2102 rhetoricam
579 2040 636 2104 vix
670 2040 847 2123 pertinent;
877 2061 961 2124 quae
992 2037 1048 2102 ubi
1075 2039 1301 2103 tractabantur
1330 2038 1520 2102 comoediae

347 2144 495 2212 subsidia
518 2147 621 2210 omitti
644 2168 710 2210 non
726 2154 886 2230 poterant,
904 2168 924 2208 a
940 2145 1046 2225 nobis,
1064 2147 1217 2228 quoniam
1235 2144 1275 2209 de
1292 2148 1361 2225 risu
1378 2148 1518 2210 oratorio

345 2253 483 2336 agimus,
508 2250 639 2337 neglegi
663 2262 810 2338 possunt.

451 2395 549 2458 Hunc
571 2396 670 2478 igitur
695 2394 889 2478 catalogum,
916 2417 1013 2480 quem
1039 2418 1080 2458 ex
1103 2367 1290 2460 Aristotelis
1308 2395 1440 2460 dicendi
1456 2418 1519 2460 usu

346 2500 511 2586 explicare
537 2503 645 2566 conati
662 2524 786 2583 sumus,
803 2504 922 2566 ceteris
939 2501 1086 2587 reliquiis
1103 2502 1272 2567 doctrinae
1288 2499 1518 2566 Aristotelicas

344 2608 505 2672 addimus.
553 2609 606 2672 De
633 2608 743 2672 indole
773 2618 881 2672 autem
910 2608 996 2672 illius
1031 2609 1104 2693 περὶ
1130 2608 1255 2687 γελοίου
1277 2609 1517 2694 disputationis,

345 2737 428 2799 quae
453 2718 514 2780 arti
537 2718 686 2800 poeticae
709 2718 833 2780 inserta
856 2725 934 2797 erat,
961 2724 1085 2780 certum
1108 2716 1266 2780 indicium
1289 2716 1437 2802 proferre
1463 2717 1519 2780 vix

343 2821 435 2897 licet3
465 2825 581 2908 paucis
605 2833 713 2886 tamen
737 2823 848 2887 verbis
875 2822 1202 2909 comprehendamus,
1227 2845 1311 2909 quae
1329 2825 1517 2888 coniectura

343 2928 452 3014 colligi
474 2939 622 3014 possunt.
670 2930 709 2993 In
725 2940 874 2993 naturam
891 2931 979 2993 risus
995 2952 1037 2994 ne
1053 2930 1248 2994 Aristoteles
1273 2930 1404 3014 quidem
1419 2952 1516 2994 accu-

342 3037 444 3100 ratius
478 3038 690 3122 inquisivisse
725 3037 863 3102 videtur.
922 3036 1094 3101 Materiam
1128 3036 1257 3101 ridiculi
1292 3059 1367 3101 esse
1402 3037 1516 3100 vitium

343 3142 508 3228 quoddam
532 3152 564 3206 et
585 3144 820 3230 turpitudinem
844 3143 1002 3208 discimus
1026 3166 1069 3207 ex
1091 3145 1169 3207 artis
1193 3145 1342 3230 poeticae
1359 3146 1466 3229 capite
1482 3144 1515 3222 53

343 3250 430 3335 quod
465 3260 573 3314 utrum
608 3251 716 3315 fusius
757 3252 942 3337 expositum
982 3252 1250 3336 argumentisque
1290 3250 1515 3315 confirmatum

343 3359 439 3422 tuerit
462 3380 578 3439 necne,
602 3361 779 3422 nescimus.
827 3357 962 3423 Certum
986 3367 1095 3422 autem
1112 3368 1162 3422 est
1176 3355 1390 3422 Aristotelem
1406 3359 1514 3442 egisse

342 3466 383 3529 de
408 3489 470 3529 usu
498 3464 629 3529 ridiculi
655 3475 688 3530 et
715 3465 755 3529 de
783 3464 914 3528 iocandi
937 3465 1124 3549 generibus,
1154 3485 1294 3550 quorum
1317 3465 1462 3548 εἰρωνεία
1486 3465 1514 3526 ei

341 3576 445 3658 magis
470 3572 622 3658 placebat
646 3593 743 3659 quam
766 3571 959 3652 βωμολοχία.
1006 3573 1142 3635 Praeter
1157 3570 1306 3636 homines
1326 3569 1483 3636 ridiculos
1492 3571 1513 3652 ¹)

341 3684 439 3745 etiam
462 3681 551 3744 facta
571 3689 603 3742 et
619 3680 707 3743 dicta
729 3677 869 3743 ridicula
891 3687 1052 3742 tractasse
1076 3677 1213 3760 videtur,
1237 3701 1303 3742 non
1325 3687 1438 3744 tamen
1458 3679 1512 3758 ita,

340 3799 377 3851 ut
410 3788 499 3851 facta
532 3809 552 3849 a
577 3786 672 3851 dictis
702 3796 880 3871 separaret,
912 3785 972 3849 sed
999 3795 1035 3849 ut
1059 3809 1107 3863 ea,
1133 3785 1275 3871 quaein
1299 3784 1378 3849 solis
1402 3784 1511 3849 verbis

340 3895 446 3979 posita
470 3902 556 3971 sunt,
581 3901 717 3959 vocaret
750 3887 820 3954 ἀπὸ
855 3899 910 3975 τῆς
944 3891 1067 3973 λέξεως,
1105 3915 1144 3956 ea
1179 3915 1264 3978 quae
1298 3914 1316 3956 e
1352 3893 1511 3958 sententia

339 4010 436 4085 gestu
466 4000 553 4064 facto
576 3998 723 4064 ridiculis
752 4008 942 4076 nascuntur,
977 3995 1048 4062 ἀπὸ
1081 3999 1151 4061 τοῖν
1186 3995 1402 4083 compulsam
1437 4021 1511 4062 nam

340 4111 372 4171 in
397 4106 532 4172 sedibus
565 4106 696 4192 quidem
724 4105 863 4178 ridiculi,
893 4107 1020 4170 etiamsi
1047 4108 1081 4170 in
1111 4108 1228 4170 ceteris
1253 4105 1349 4170 latius
1375 4107 1510 4169 circum·

339 4315 551 4323 --—-—-—.

446 4449 466 4513 ¹)
486 4445 521 4499 cf.
541 4446 614 4500 rhet.
636 4445 731 4498 1372s
750 4445 765 4496 1
785 4444 946 4513 ἀνθρώπους
963 4449 1008 4496 καὶ
1027 4442 1119 4513 λόγους
1136 4450 1181 4496 καὶ
1200 4443 1271 4514 ἔργα.
