3300 5074
800 344 1021 409 -40-

325 544 399 586 esse
435 525 576 588 coniciat
610 524 694 609 quis.
753 521 827 602 Qua
855 544 889 584 re
919 521 1070 585 ducimur
1096 521 1235 586 adeam
1261 523 1498 608 quaestionem,

325 651 409 713 quae
433 627 636 694 absolvenda
658 628 755 694 nobis
778 627 982 714 relinquitur,
1006 643 1113 692 utrum
1137 630 1218 713 ipsis
1242 627 1335 692 libris
1359 628 1499 692 Graecis

325 734 442 800 Cicero
459 759 539 800 usus
555 759 598 801 an
615 736 766 801 Latinum
784 735 947 821 quendam
964 738 1157 821 scriptorem
1175 744 1307 800 secutus
1325 737 1376 799 sit.
1401 733 1496 814 Quod

325 844 429 928 primo
454 841 567 909 obtutu
592 853 657 907 tam
674 842 854 906 verisimile
878 863 954 906 esse
977 843 1117 917 videtur,
1142 844 1302 908 utstatim
1325 841 1501 906 ostendere

324 959 355 1012 te
379 971 478 1035 posse
503 971 578 1014 eum
603 951 758 1035 opineris,
793 971 889 1034 quem
915 958 1049 1013 secutus
1074 951 1125 1024 sit,
1162 971 1236 1012 eum
1265 948 1349 1030 dico,
1386 950 1442 1033 qui
1464 951 1497 1011 in

327 1054 496 1120 Ciceronis
513 1056 731 1143 disputatione
749 1054 930 1120 doctrinam
946 1055 1080 1141 profert,
1098 1055 1274 1120 Caesarem
1292 1053 1498 1120 Strabonem.

327 1162 419 1241 Quae
445 1166 634 1228 coniectura
669 1165 697 1225 si
722 1161 788 1225 ullo
812 1163 998 1226 testimonio
1022 1161 1215 1242 firmaretur,
1248 1161 1401 1248 equidem
1426 1184 1500 1226 eam

325 1269 477 1356 amplecti
504 1293 567 1334 non
608 1269 806 1351 dubitarem,
847 1269 906 1333 sed
942 1272 1052 1333 omnia
1086 1279 1199 1333 contra
1233 1270 1369 1334 faciunt.
1415 1269 1500 1333 Nam

324 1397 521 1461 quamquam
538 1376 717 1441 Caesarem
732 1377 971 1440 facetissimum
987 1376 1094 1440 fuisse
1112 1378 1276 1459 constat¹),
1302 1397 1500 1462 quamquam

324 1483 460 1549 multum
477 1507 551 1548 eum
570 1483 739 1548 elaborare
756 1486 789 1547 in
806 1505 847 1547 eo
863 1483 973 1547 studio
994 1484 1185 1567 audimusll,
1209 1493 1318 1547 tamen
1334 1486 1364 1546 si
1379 1482 1501 1546 librum

325 1590 365 1653 de
390 1614 430 1654 ea
453 1613 488 1654 re
513 1592 763 1676 composuisset,
795 1589 912 1655 Cicero
936 1589 970 1652 id
997 1601 1108 1655 tacere
1131 1612 1199 1654 non
1220 1593 1334 1676 potuit.
1383 1589 1500 1654 Cicero

325 1721 404 1762 vero
435 1721 543 1785 neque
574 1700 608 1762 in
640 1721 680 1762 ea
711 1720 808 1783 quam
840 1708 1019 1762 tractamus
1052 1698 1271 1784 disputatione
1302 1719 1364 1762 nec
1385 1692 1500 1761 ‘Bruti’

326 1827 365 1869 eo
403 1805 475 1869 loco
515 1827 612 1891 quem
651 1805 805 1869 adnotavi
849 1807 1024 1891 scripsisse
1065 1804 1242 1871 Caesarem
1282 1806 1323 1869 de
1362 1803 1500 1868 ridiculo

325 1922 478 1992 testatur3
502 1914 601 1977 immo
625 1923 691 1976 tarn
715 1901 795 1976 nihil
810 1912 953 1976 tribuere
971 1913 1102 1976 videtur
1125 1916 1155 1977 ei
1179 1916 1238 1994 rei,
1262 1913 1394 1999 quoda
1418 1910 1501 1976 Cae·

329 2041 402 2082 sare
426 2019 591 2105 profertur
613 2018 670 2083 illa
694 2020 853 2101 doctrina,
877 2030 913 2083 ut
935 2022 1007 2105 ipse
1031 2019 1095 2084 alio
1119 2030 1267 2106 tempore
1291 2042 1353 2105 per
1368 2019 1503 2082 Antonii

325 2149 500 2212 personam
536 2149 572 2190 se
608 2125 663 2190 illa
698 2127 886 2213 disputasse
917 2128 1052 2212 putet3).
1101 2127 1216 2212 Itaque
1245 2126 1410 2210 equidem,
1438 2126 1503 2189 nisi

327 2244 452 2298 certum
476 2237 646 2298 inventum
670 2233 731 2297 erit
746 2236 980 2315 testimonium,
1004 2233 1082 2297 mihi
1104 2256 1170 2298 non
1194 2233 1401 2318 persuadebo
1419 2230 1502 2296 Cae·

327 2363 435 2405 sarem
459 2342 634 2426 scripsisse
664 2341 704 2404 de
733 2339 882 2423 ridiculo,
919 2351 1017 2426 atque
1042 2343 1173 2405 omnino
1205 2363 1271 2404 non
1295 2340 1395 2405 credo
1426 2352 1503 2404 ante

326 2447 520 2512 Ciceronem
559 2450 592 2511 in
628 2449 753 2512 Latinis
792 2446 908 2511 litteris
948 2447 1033 2511 hanc
1069 2469 1140 2512 rem
1178 2457 1349 2512 tractatam
1387 2447 1500 2511 fuisse.

328 2556 521 2620 Ciceronem
553 2567 585 2619 et
613 2555 825 2619 Cornificium
851 2576 948 2638 quem
976 2555 1089 2618 dieunt
1117 2555 1233 2618 eodem
1264 2553 1347 2618 libro
1373 2554 1503 2619 Graeco

327 2684 406 2726 usos
432 2685 507 2726 esse
530 2684 727 2749 persuasum
751 2662 872 2744 habeo3
909 2684 973 2747 quo
997 2664 1031 2725 in
1059 2662 1141 2726 libro
1165 2686 1205 2726 ea
1227 2684 1351 2747 genera
1374 2660 1504 2725 ridiculi

327 2769 556 2848 afferebantur,
581 2791 664 2854 quae
689 2769 776 2854 apud
792 2779 965 2854 utrumque
989 2768 1157 2853 leguntur3
1183 2769 1270 2854 quod
1294 2770 1323 2833 si
1340 2768 1504 2834 Cornificii

330 2899 453 2960 genera
477 2876 679 2941 detrahimus
704 2900 745 2940 ex
770 2875 1006 2956 Ciceronianis,
1032 2899 1070 2940 ea
1094 2887 1274 2958 remanent,
1301 2898 1385 2961 quae
1411 2874 1504 2940 Cice-

327 2984 416 3048 ronis
441 2993 526 3047 sunt.
573 2984 646 3047 Hoc
674 3005 775 3047 unum
800 2983 1007 3047 statuendum
1039 2985 1100 3047 erit
1135 2983 1224 3068 apud
1246 2983 1415 3047 Romanos
1444 2981 1504 3046 has

327 3113 380 3154 res
405 3101 471 3155 tam
499 3101 593 3155 notas
622 3091 737 3166 fuisse,
766 3102 801 3154 ut
826 3091 948 3154 diversi
977 3092 1156 3174 scriptores
1181 3089 1311 3154 Graeca
1344 3088 1505 3154 vocabula

329 3197 448 3261 iisdem
472 3198 596 3261 Latinis
621 3210 795 3261 verterent.

435 3303 681 3390 Exemplorum,
711 3327 794 3392 quae
819 3303 968 3369 consulto
992 3306 1209 3388 negleximuS,
1235 3304 1353 3369 Cicero
1378 3313 1502 3389 partem

328 3414 399 3497 ipse
435 3411 609 3495 collegisse
643 3410 740 3475 vele
772 3412 929 3475 memoria
963 3414 1167 3497 prompsisse
1201 3411 1341 3490 videtur,
1377 3422 1504 3495 partem

329 3518 499 3582 collectam
523 3518 718 3582 inveniebat.
765 3519 847 3582 Nam
872 3541 937 3582 non
953 3519 1051 3583 modo
1069 3518 1165 3582 dictis
1183 3517 1344 3582 clarorum
1360 3519 1505 3582 virorum

328 3649 347 3690 a
372 3625 495 3691 Catone
520 3625 665 3688 collectis
690 3627 735 3689 uti
759 3624 889 3708 licebat,
925 3625 984 3689 sed
1009 3628 1106 3689 etiam
1130 3628 1235 3710 ipsius
1260 3624 1394 3690 Catonis
1419 3624 1506 3688 dicta

330 3733 468 3798 collecta
490 3743 589 3796 erant.
639 3733 751 3796 Priore
776 3731 831 3797 illa
855 3731 1048 3797 collectione
1073 3756 1109 3796 se
1133 3736 1179 3796 uti
1196 3730 1313 3796 Cicero
1337 3730 1507 3817 profitetur

328 3842 445 3924 §m
470 3863 577 3925 neque
613 3863 691 3904 vero
728 3842 832 3925 ipsius
857 3839 992 3905 Catonis
1017 3841 1104 3904 dieta
1128 3840 1255 3904 desunt.
1305 3839 1357 3902 De
1387 3842 1505 3903 ceteris

329 3946 490 4033 exemplis
515 3948 677 4011 disserere
706 3946 839 4030 longum
864 3965 924 4014 est.

439 4126 457 4192 ¹)
478 4123 513 4177 cf,
534 4123 639 4190 Cicero,
661 4124 762 4176 Brutus
782 4124 798 4193 ξ
819 4123 879 4175 Ill,

436 4213 457 4278 ²)
476 4212 518 4266 De
538 4217 606 4266 orat.
627 4211 653 4265 ΙΙ
672 4212 733 4266 231.

440 4303 459 4369 ³)
479 4303 512 4355 ln
532 4320 565 4356 ea
584 4302 704 4372 epistula
725 4303 762 4356 ad
782 4303 960 4356 Volumnium
980 4303 1046 4355 data
1075 4303 1121 4366 (ad
1145 4302 1210 4355 fam.
1231 4300 1284 4354 Vll
1303 4301 1345 4364 32,
1366 4301 1403 4366 2),
1423 4318 1507 4369 quam

331 4393 555 4446 commemoravi.

812 4505 944 4512 ——..-
969 4506 1022 4510 ---
