3252 5082
583 387 803 452 ,53-

108 574 199 628 cxtra
223 565 340 650 posita,
367 586 451 650 quae
472 564 561 650 apud
576 563 788 628 Aristotelem
808 585 874 628 non
890 564 1101 628 inveniuntur
1110 563 1144 648 ¹).
1186 564 1282 665 Cete-

106 693 179 735 rum
202 669 286 756 haec
309 671 439 756 partitio
463 672 687 756 non-propria
711 680 762 735 est
785 681 917 734 nostrae
934 671 991 740 rei.
1011 693 1084 734 cum
1102 661 1141 734 ea
1156 682 1281 762 tantum

107 780 280 860 contineat,
306 799 390 863 quae
414 778 457 842 ad
481 799 657 864 personam
681 779 859 864 pertinent3
885 777 926 842 cf.
955 777 1088 858 Quintil.
1116 778 1165 842 llI
1189 777 1280 860 635:

106 881 304 970 personam,
329 888 363 949 in
387 908 452 970 qua
476 885 517 949 de
541 887 660 965 animo,
679 907 826 970 corpore,
843 893 937 949 extra
952 886 1068 971 positis
1085 883 1280 971 quaeratur'.

214 991 355 1057 Gravior
377 994 528 1077 proxima
551 1002 602 1055 est
624 992 742 1056 divisio
762 992 843 1074 (37):
870 991 963 1056 ‘haec
987 1002 1043 1056 aut
1065 975 1283 1055 ostenduntur

107 1109 162 1163 aut
185 1111 357 1163 narrantur
380 1108 437 1163 aut
452 1099 539 1163 dicto
556 1109 719 1181 notantur,
745 1120 830 1185 quae
853 1121 917 1185 qua
933 1100 1057 1163 ratione
1075 1121 1093 1161 e
1110 1098 1281 1164 Ciceronis

108 1206 269 1270 divisione
298 1216 368 1270 orta
396 1208 438 1270 sit
465 1229 516 1270 me
545 1206 677 1292 quidem
706 1205 815 1270 iudice
849 1205 948 1286 facile
982 1205 1173 1292 explicatur.
1220 1206 1282 1269 Re-

106 1315 291 1377 miniscaris
315 1335 438 1400 quaeso
455 1337 475 1376 a
491 1312 651 1378 Cicerone
676 1309 833 1398 distingui
855 1313 1067 1378 festivitatem
1090 1321 1282 1399 perpetuam

108 1430 137 1483 et
162 1419 378 1503 dicacitatem,
404 1420 468 1485 duo
493 1442 571 1504 ergo
594 1442 732 1505 genera3
757 1420 966 1486 festivitatem
988 1431 1180 1506 perpetuam
1196 1421 1231 1483 in
1245 1442 1282 1484 re

106 1536 232 1591 tantum
266 1529 406 1613 positam
442 1527 525 1591 duas
557 1526 681 1592 habere
717 1529 857 1614 species,
894 1530 1111 1591 narrationem
1149 1535 1182 1590 et
1211 1529 1281 1592 imi·

106 1635 262 1698 tationem
297 1633 517 1720 depravatam.
570 1633 663 1714 Quae
700 1634 783 1699 duae
820 1637 950 1720 species
986 1637 1229 1719 coniunguntur
1263 1659 1283 1698 a

108 1740 308 1821 Quintiliano
344 1764 418 1804 cum
453 1739 554 1806 altero
579 1740 750 1808 Ciceronis
785 1763 907 1826 genere
935 1743 981 1805 ita
1004 1750 1039 1805 ut
1062 1741 1149 1827 apud
1171 1744 1281 1828 ipsum

108 1847 343 1928 Quintilianum
379 1849 441 1911 tria
476 1850 638 1912 exsistant
670 1848 836 1934 genera‘2).
885 1847 969 1913 Cum
998 1861 1063 1912 tam
1098 1847 1196 1912 facile
1226 1871 1283 1912 ex-

107 1954 222 2041 plicari
256 1956 361 2040 possit
396 1978 459 2040 quo
495 1955 591 2019 modo
624 1955 816 2036 Quintiliani
850 1978 974 2040 genera
1009 1977 1027 2018 e
1057 1954 1281 2020 Ciceronianis

109 2072 177 2126 orta
212 2064 286 2133 sint,
322 2063 475 2148 equidem
510 2063 590 2126 mihi
625 2085 691 2127 non
726 2063 935 2149 persuadebo
967 2061 1203 2143 Quintilianum
1241 2084 1282 2126 ex

110 2169 239 2234 diverso
265 2169 405 2254 quodem
430 2170 521 2235 fonte
547 2193 644 2257 quem
668 2172 857 2255 ignoremus
883 2170 1021 2235 haurire.

214 2275 449 2356 Quintilianum
478 2278 613 2340 easdem
641 2299 695 2341 res
725 2277 912 2368 significare
942 2299 981 2342 ac
1006 2276 1200 2342 Ciceronem
1226 2276 1281 2341 de-

108 2393 289 2448 monstrare
324 2406 389 2448 non
425 2384 561 2449 difficile
599 2395 657 2449 est.
704 2386 849 2449 Primum
884 2393 935 2449 est
969 2385 1171 2470 ‘ostendere'l
1194 2383 1281 2469 (38):

14 2579 15 2582 Ἴ
110 2492 227 2554 ‘rarum
245 2502 305 2572 est,
327 2503 362 2555 ut
378 2492 481 2557 oculis
499 2493 651 2556 subicere
668 2495 843 2577 contingat,
866 2503 901 2555 ut
916 2493 994 2556 iecit
1011 2491 1047 2557 C.
1066 2471 1178 2556 Iulius'
1196 2515 1282 2578 eqs3

14 2665 15 2678 χ
112 2597 296 2684 exemplum
321 2599 409 2684 quod
433 2622 534 2664 unum
558 2601 652 2664 affert
674 2603 811 2686 petitum
836 2610 887 2664 est
911 2623 953 2664 ex
977 2598 1148 2664 Ciceronis
1173 2599 1280 2681 5266.

14 2711 15 2756 ἶ
109 2705 239 2770 Deinde
263 2707 305 2770 de
328 2697 612 2792 narratione'agit
635 2706 674 2792 ἐξ
698 2708 846 2789 39-44;
882 2705 1035 2793 exempla
1066 2729 1109 2769 ex
1138 2707 1282 2778 oratione

109 2835 127 2876 a
151 2812 311 2878 Cicerone
335 2836 394 2900 pro
419 2813 568 2879 Cluentio
593 2814 703 2878 babita
728 2825 825 2878 etex
843 2813 887 2876 M.
905 2812 1010 2878 Caelii
1033 2815 1178 2878 oratione
1203 2835 1281 2900 qua-

110 2919 183 2983 dam
207 2923 316 2998 sumit,
353 2943 393 2984 ac
416 2923 545 2984 tertium
570 2921 670 3005 addit,
708 2922 796 3008 quod
821 2921 974 2986 Ciceroni
1001 2944 1038 2985 se
1062 2921 1185 2986 debere
1208 2923 1281 3006 ipse

110 3027 286 3110 profitetur.
327 3027 396 3092 Sub
420 3027 520 3092 finem
544 3038 653 3092 autem
679 3032 750 3094 eius
767 3031 868 3114 partis
886 3028 1050 3092 subnectit
1066 3029 1148 3092 baec
1164 3028 1280 3092 verba:

110 3134 233 3199 ‘similis
254 3137 288 3199 in
304 3135 452 3222 apologis
470 3157 599 3221 quoque
617 3146 649 3199 et
665 3135 861 3222 quibusdam
877 3136 1006 3201 interim
1024 3138 1120 3200 etiam
1136 3135 1281 3206 historiis

110 3242 293 3327 exponendi
316 3244 421 3327 gratia
445 3246 604 3328 consequi
628 3242 736 3324 solet'3
773 3265 856 3328 quae
888 3245 967 3328 quin
992 3264 1009 3305 e
1035 3241 1194 3307 Cicerone
1219 3245 1281 3306 ori-

109 3350 216 3429 ginem
240 3350 370 3413 trahant
392 3372 457 3414 non
483 3349 617 3414 dubium
643 3360 694 3413 est
719 3347 749 3432 (ξ
772 3350 922 3436 toqoot:
958 3352 1000 3412 ‘et
1024 3349 1066 3413 ad
1090 3349 1152 3412 hoc
1175 3370 1281 3435 genus

109 3457 311 3520 ascribamus
337 3458 433 3520 etiam
457 3459 660 3521 narrationes
685 3456 912 3542 apologorum3
942 3456 1079 3521 trabitur
1103 3459 1198 3519 etiam
1224 3455 1281 3520 ali-

109 3563 185 3647 quid
209 3586 252 3627 ex
275 3563 428 3628 historia’,

213 3670 267 3734 Ad
297 3671 502 3735 dicacitatem
533 3671 735 3736 tractandam
772 3672 804 3752 (i.
832 3695 859 3736 e.
886 3673 1016 3735 tertium
1045 3692 1150 3754 genus
1179 3671 1279 3750 §372

215 3905 233 3962 ¹)
254 3901 374 3956 Omnino
393 3902 536 3955 Kaibolius
554 3901 646 3955 minus
665 3907 742 3956 recte
762 3902 797 3954 de
816 3904 878 3955 tota
897 3919 926 3954 re
944 3901 1050 3955 iudicat
1069 3901 1132 3967 (Die
1147 3901 1279 3969 Prolego·

107 4009 188 4045 mona
204 3996 265 4060 περὶ
283 3988 421 4059 κωμῳδίας
440 4010 465 4060 ρ.
479 3991 514 4044 56
528 3992 617 4056 adn.):
637 3991 711 4045 inter
724 3991 906 4044 Aristotelem
925 3994 954 4043 et
967 3989 1168 4055 Quintilianum
1187 3991 1280 4058 plures

106 4081 253 4150 scriptores
272 4082 460 4142 intercedunt,
481 4083 511 4133 et
529 4081 576 4150 qui
595 4081 739 4134 doctrinae
754 4080 921 4133 Aristolicae
936 4080 1055 4148 vestigia
1068 4080 1231 4147 quaerebat,
1250 4081 1279 4133 in

106 4169 236 4244 Cicerone
255 4172 348 4240 potius
368 4188 453 4239 qnam
470 4170 500 4222 in
519 4169 689 4234 Quintiliano
709 4187 843 4238 quaerero
863 4169 993 4223 debebat.

212 4261 232 4325 ⁹)
252 4260 308 4315 Sed
327 4277 395 4314 voce
414 4259 544 4312 ‘imitatio
564 4258 725 4328 depravata}
746 4259 931 4324 Quintilianus
953 4276 1007 4311 non
1032 4259 1127 4326 utitur,
1157 4259 1203 4326 qui
1222 4277 1280 4314 our-

107 4351 169 4403 nino
191 4368 246 4404 non
267 4350 408 4404 Ciceronis
427 4351 461 4421 ἐξ
480 4347 614 4413 ato-43,
642 4350 691 4402 sed
711 4353 742 4415 ἐξ
762 4348 895 4416 aot-66,
924 4348 970 4401 ubi
996 4349 1118 4400 narratio
1142 4349 1281 4416 repetitur

107 4443 134 4492 ot
152 4441 261 4508 ‘imago'
281 4441 393 4509 ponitur
411 4457 462 4509 pro
480 4439 638 4493 imitatione
658 4439 820 4507 depravata,
838 4438 959 4508 respicit.
