3252 5082
827 375 1048 440 „50-

459 555 553 635 Quae
570 555 718 640 sequitur·
733 551 851 618 divisio
875 550 946 636 (252
972 553 1060 626 ‘item
1075 551 1214 621 ridicula
1237 562 1293 618 aut
1308 552 1449 646 facimus
1472 562 1524 618 aut

349 661 515 743 dicimus')
532 682 648 747 parum
664 659 741 724 buic
757 657 830 724 loco
847 660 1016 742 convenit3
1032 681 1108 724 nam
1125 660 1323 726 divisionem
1337 658 1522 745 generalem

348 769 460 834 afferri
482 778 559 854 post
581 768 786 854 partitionem
811 764 989 852 specialem
1012 789 1078 831 non
1103 766 1211 848 decet;
1236 775 1270 831 at
1297 767 1424 852 priores
1453 765 1523 834 illae

349 875 541 964 partitiones
564 873 712 941 addicta
727 883 853 939 tantum
869 872 1073 958 spectabant,
1089 895 1156 939 non
1180 873 1222 937 ad
1237 873 1334 938 facta.
1372 873 1522 948 Ceterum

350 983 551 1069 praecipitur
565 980 660 1046 -facto
684 982 788 1050 risum
816 979 981 1045 conciliari
1011 990 1160 1065 oportere
1186 980 1330 1046 admixta
1355 982 1523 1066 gravitate,

347 1111 416 1156 non
439 1091 512 1156 sinc
536 1098 691 1175 respectu
713 1087 860 1174 pudoris.

456 1196 505 1262 Ne
530 1196 571 1260 de
595 1195 688 1261 vultu
705 1194 836 1281 quidem
861 1205 894 1259 et
908 1204 1006 1280 gestu
1023 1195 1244 1276 Quintilianus
1260 1217 1382 1262 novum
1404 1192 1525 1281 profert

347 1312 575 1391 pracceptum
601 1325 676 1366 nam
694 1301 808 1366 eadem
826 1302 895 1369 fere
919 1325 938 1371 a
955 1300 1116 1369 Cicerone
1132 1303 1220 1371 dicta
1240 1310 1325 1385 sunt,
1341 1310 1377 1372 ut
1392 1300 1523 1370 modum

343 1408 573 1476 ‚adhibendum
608 1431 683 1474 esse
723 1410 810 1495 apud
845 1405 920 1474 eum
956 1410 1088 1495 saepius
1121 1408 1274 1496 legimus,
1312 1430 1351 1472 ac
1385 1407 1523 1474 dicentis

350 1517 558 1583 severitatem
582 1518 720 1603 gratiam
745 1515 875 1582 adferre
899 1518 1075 1603 exponitur
1096 1517 1115 1600 ξ
1139 1516 1213 1580 289.

455 1624 627 1689 Dictorum
652 1631 805 1710 quattuor
826 1646 951 1708 genera
978 1623 1223 1708 distinguuntur
1245 1623 1338 1706 §272
1362 1621 1524 1686 lascivum

346 1742 382 1802 et
414 1729 526 1810 hilare,
563 1729 846 1812 contumeliosum,
881 1752 1047 1816 asperum,
1079 1730 1168 1812 lene3
1202 1751 1287 1816 quae
1321 1728 1524 1794 illustrantur

345 1836 500 1925 exemplo
535 1839 690 1914 virorum,
727 1840 784 1924 qui
818 1859 838 1900 a
869 1837 1060 1918 Quintiliani
1093 1837 1299 1924 temporibus
1333 1859 1401 1901 non
1429 1836 1523 1920 longe

341 1937 477 2016 absunt.

455 2051 548 2132 Quae
573 2050 693 2116 deinde
715 2073 823 2138 usque
848 2051 890 2114 ad
906 2049 925 2138 ᾗ
944 2052 985 2116 35
1009 2051 1049 2115 de
1072 2073 1137 2116 usu
1160 2054 1247 2116 risus
1267 2053 1522 2137 praecipiuntur,

345 2162 392 2224 ita
414 2161 546 2245 sapiunt
575 2158 782 2240 Ciceronem,
810 2168 848 2223 ut
874 2157 976 2222 multa
1003 2158 1105 2223 verba
1132 2159 1175 2223 de
1205 2159 1268 2223 hac
1296 2167 1388 2244 parte
1412 2157 1522 2222 facere

347 2288 414 2331 non
437 2287 521 2353 opus
546 2267 596 2332 sit.
645 2263 775 2330 sufficit
799 2287 997 2350 componere
1019 2267 1190 2351 utriusque
1214 2266 1386 2352 scriptoris
1411 2263 1523 2345 verba,

347 2383 384 2438 ut
405 2372 504 2442 facila
528 2374 755 2458 unusquisque
779 2369 970 2458 perspiciat,
988 2395 1052 2457 quo
1069 2371 1200 2437 vinculo
1218 2374 1423 2456 cognationis
1440 2356 1525 2436 inter

346 2503 383 2546 se
407 2483 525 2546 conexi
548 2482 626 2544 sint:

557 2657 695 2726 cicero.
1114 2656 1370 2746 Quintilianus.

413 2801 492 2866 221:
526 2800 615 2887 quod
644 2809 694 2864 est
721 2799 908 2865 bominibus
1032 2801 1088 2866 28:
1126 2800 1290 2887 longeque
1324 2800 1411 2864 absit
1446 2799 1524 2865 illud

344 2906 462 2974 facetis
490 2917 523 2973 et
550 2907 720 2972 dicacibus
745 2906 908 2973 difficillu-
963 2909 1181 2995 propositum:
1229 2908 1338 2993 potius
1382 2907 1524 2971 amicum

346 3039 444 3089 mum,
473 3015 596 3079 habere
620 3015 786 3079 bominum
811 3017 907 3079 ratio·
964 3037 1062 3102 quam
1098 3015 1220 3080 (lictum
1255 3014 1385 3101 perdidi
1412 3065 1419 3078 .
1450 3067 1457 3079 .
1483 3063 1490 3076 .
1517 3065 1522 3077 .

346 3145 422 3188 nem
446 3132 479 3187 et
501 3134 685 3208 temporum
711 3130 743 3186 et
763 3144 803 3186 ea
824 3144 908 3208 quae
963 3123 1106 3208 primum
1118 3123 1229 3208 itaque
1247 3120 1523 3213 considerandum

346 3238 534 3313 occurrant,
582 3251 681 3315 quom
727 3227 909 3295 salsissime
964 3238 1028 3302 est,
1056 3240 1088 3293 et
1115 3229 1188 3315 quis
1214 3237 1246 3293 et
1273 3230 1307 3292 in
1335 3249 1400 3314 qua
1424 3249 1524 3292 causa

347 3337 413 3402 dici
437 3346 585 3424 possunt,
610 3347 732 3400 tenere.
965 3345 998 3400 et
1032 3336 1120 3422 apud
1156 3358 1253 3422 quem
1290 3344 1322 3398 et
1356 3334 1389 3397 in
1427 3355 1523 3418 quem

415 3442 534 3510 Orator
547 3443 604 3508 89:
622 3454 736 3529 parcet
750 3454 782 3507 et
799 3444 909 3507 amici·
965 3452 998 3506 et
1022 3442 1100 3530 quid
1125 3442 1222 3521 dicat.

347 3550 429 3636 tiis¹)
447 3560 480 3616 et
492 3549 717 3636 dignitatibus,
730 3550 846 3614 vitabit
860 3552 908 3615 in·
1031 3549 1088 3614 28:
1113 3571 1347 3636 nonnunquam
1384 3558 1416 3614 ct
1447 3570 1523 3613 con-

346 3656 504 3723 sanabilis
521 3655 749 3727 contumelias,
767 3667 907 3721 tautum·
963 3655 1135 3722 tumeliose
1159 3664 1192 3719 et
1214 3678 1332 3743 aspere
1356 3655 1469 3721 dicere
1492 3658 1524 3718 in
1605 3663 1606 3666 ’

347 3765 444 3830 modo
483 3765 692 3829 adversarios
730 3764 811 3848 figet
845 3786 908 3829 nec
962 3764 1172 3828 adversarios
1195 3765 1395 3850 permissum
1420 3773 1480 3828 est.

347 3895 405 3937 eos
428 3882 536 3935 tamen
562 3893 693 3957 semper
715 3893 778 3935 nec
802 3872 907 3934 omnis

346 4001 409 4043 nec
433 3980 521 4042 omni
545 3978 650 4042 modo.

412 4085 492 4150 239:
520 4083 691 4150 vitandum
715 4093 767 4149 est
789 4087 908 4150 oratori
1030 4086 1086 4150 29:
1111 4087 1230 4150 oratori
1253 4086 1387 4153 minime
1405 4107 1522 4150 conve-

345 4204 530 4277 utrumque,
569 4214 611 4256 ne
657 4199 713 4256 aut
759 4191 908 4258 scurrilis
964 4195 1011 4258 nit
1033 4193 1190 4260 distortus
1207 4191 1316 4257 vultus
1332 4202 1521 4277 gestusque,

344 4304 440 4366 iocus
454 4301 496 4364 sit
512 4309 568 4365 aut
583 4301 733 4365 mimicus
750 4301 802 4381 (ci.
819 4300 908 4384 251).
965 4322 1049 4386 quae
1077 4303 1110 4365 in
1140 4302 1248 4364 mimis
1273 4299 1376 4364 videri
1408 4299 1521 4366 solent.

351 4413 411 4418 .—
431 4411 564 4418 --—---

419 4413 430 4422 ’
454 4445 473 4494 o
493 4442 529 4496 af.
550 4441 897 4509 aaaot.raet.112,p.
918 4440 989 4494 1379
1008 4441 1025 4494 b
1045 4442 1062 4493 a
1082 4459 1141 4510 sqq.
