3252 5082
833 412 1028 474 ..4-

451 590 552 653 Periit
574 591 673 673 igitur
695 589 864 674 iniquitate
888 598 1068 674 temporum
1095 611 1134 653 ea
1156 611 1233 673 pars
1257 590 1337 653 artis
1358 591 1520 679 poeticae,

346 719 411 780 qua
434 695 657 761 tractabantur
684 717 807 780 genera
835 693 976 773 ridiculi,
1006 694 1039 759 id
1067 703 1118 758 est
1141 693 1226 758 liber
1249 692 1342 770 alter,
1371 696 1427 780 qui
1452 703 1522 759 erat

345 803 385 866 de
410 802 591 883 comoedia,
616 824 655 867 ac
678 811 826 866 nostrum
848 812 899 865 est
914 802 1124 886 investigare,
1142 800 1221 888 quid
1241 803 1400 887 scriptum
1424 801 1522 866 fuerit

345 911 378 972 in
401 908 457 973 illa
479 908 711 995 disputatione.

450 1017 533 1080 Nam
559 1039 757 1105 quamquam
790 1018 998 1081 festinantius
1023 1039 1066 1080 ex
1087 1017 1275 1082 Aristotelis
1298 1015 1410 1081 verbis
1436 1039 1520 1103 quae

345 1123 437 1188 attuli
460 1125 504 1209 (p.
533 1123 646 1189 1371b
671 1124 713 1190 34
728 1123 813 1210 sqq.)
850 1123 1084 1209 Bernaysius1)
1114 1122 1275 1188 conclusit
1308 1123 1520 1188 Aristotelem

344 1254 438 1295 usum
464 1252 539 1294 esse
563 1252 603 1294 ea
619 1231 780 1295 divisione
796 1252 953 1315 generum
971 1229 1101 1293 ridiculi
1119 1251 1216 1315 quam
1234 1228 1352 1295 Cicero
1369 1240 1401 1294 et
1418 1229 1518 1309 Quin-

343 1337 475 1401 tilianus
498 1337 696 1420 adhibent2),
726 1358 925 1424 quamquam
954 1339 1084 1401 omnino
1109 1336 1149 1401 de
1172 1335 1302 1400 ridiculi
1325 1336 1407 1401 locis
1430 1337 1519 1422 1περί

344 1443 411 1507 τῶν
443 1443 502 1506 τοῦ
536 1442 660 1521 γελοίου
693 1440 820 1528 τίπιον)
853 1435 1068 1528 ουιοόςίεοο
1093 1445 1127 1507 in
1157 1451 1226 1507 arte
1257 1445 1387 1530 poetica
1420 1446 1518 1507 certis

343 1553 545 1637 argumentis
572 1551 703 1636 probari
735 1551 893 1637 nequitu,
926 1561 1035 1615 tamen
1063 1550 1241 1614 verisimile
1265 1550 1299 1614 id
1324 1572 1398 1614 esse
1422 1573 1517 1615 nemo

343 1657 489 1743 negabit,
526 1669 558 1722 et
593 1660 746 1744 quoniam
782 1657 941 1723 habemus
976 1667 1147 1722 tractatum
1178 1657 1426 1739 Ooislinianum,
1463 1661 1518 1743 qui

344 1767 489 1830 continet
516 1765 700 1849 catalogum
728 1763 874 1830 locorum
902 1763 1041 1844 ridiculi,
1072 1787 1152 1829 sane
1186 1764 1320 1849 dignum
1349 1773 1400 1828 est
1432 1765 1518 1850 quod

340 1882 528 1958 quaeratur,
565 1895 644 1937 num
676 1871 730 1936 ille
768 1870 936 1956 catalogus
961 1870 1147 1936 Aristotelis
1184 1894 1259 1935 esse
1288 1873 1403 1958 possit.
1452 1870 1517 1936 Sed

341 1981 532 2066 priusquam
561 1980 603 2044 de
631 1978 685 2043 illo
714 2001 860 2064 agamus,
885 2001 903 2042 e
926 1979 1079 2064 genuinis
1103 1977 1288 2044 Aristotelis
1314 1977 1407 2043 libris
1441 1979 1516 2064 quid

343 2087 470 2151 discere
504 2089 670 2173 possimus
707 2086 748 2150 de
782 2087 852 2150 risu
879 2095 1075 2172 temptemus
1132 2086 1206 2149 Non
1235 2087 1322 2149 enim
1351 2094 1418 2151 tota
1446 2087 1514 2149 eius

343 2194 492 2258 doctrina
503 2195 633 2268 interiit,
648 2193 708 2258 sed
720 2192 934 2257 fundamenta
945 2192 1105 2277 quaedam
1120 2215 1233 2257 earum
1250 2192 1513 2279 disputationum,

343 2321 426 2384 quas
449 2303 649 2387 posteriores
673 2303 874 2386 inscripsere
904 2300 977 2384 περὶ
1005 2299 1138 2378 γελοίου,
1162 2303 1197 2365 in
1221 2302 1363 2365 servatis
1388 2303 1514 2386 scriptis

343 2406 440 2471 hodie
475 2410 691 2493 reperiuntur.
738 2407 791 2472 De
815 2406 1020 2473 ‘urbanitate'
1051 2409 1137 2472 enim
1168 2410 1235 2492 egit
1263 2407 1458 2472 Aristoteles
1480 2410 1512 2472 in

339 2515 429 2580 tertii
458 2517 537 2578 artis
561 2515 744 2580 rhetoricae
773 2513 847 2578 libri
872 2514 1034 2600 capitibus
1066 2515 1107 2579 10
1132 2525 1164 2578 et
1189 2515 1240 2578 11.
1287 2516 1382 2582 Initio
1408 2517 1512 2579 statim

343 2623 500 2706 promittit
534 2644 571 2686 se
607 2632 873 2686 enumeraturum
904 2644 980 2685 esse
1010 2622 1108 2686 sedes
1137 2621 1254 2686 urbani
1285 2624 1446 2687 sermonis
1469 2624 1512 2707 (p.

344 2728 463 2793 1410b
488 2727 535 2814 6):
575 2729 647 2792 ἐπεὶ
681 2728 718 2791 δὲ
746 2725 913 2813 διώρισται
935 2729 1009 2813 περὶ
1036 2725 1171 2810 τούτων,
1195 2725 1305 2792 πόθεν
1327 2727 1452 2806 λέγεται
1473 2724 1512 2790 τοὶ

341 2831 454 2898 eiurata
477 2836 529 2897 καί
552 2831 593 2897 τὰ
615 2831 787 2916 εὐδοκιμοῖ
794 2858 853 2898 ντα
875 2834 1003 2899 λεκτέον
1037 2871 1079 2883 -
1114 2839 1256 2916 εἴπωμεν
1282 2831 1343 2898 οὖν
1369 2836 1421 2897 καί
1446 2834 1512 2897 δια-

341 2939 595 3026 propraetorem
625 2966 664 3007 ac
692 2964 889 3029 quamquam
918 2965 982 3007 non
1011 2942 1053 3007 de
1077 2942 1238 3007 industria
1260 2944 1363 3007 risum
1387 2951 1512 3024 tractat,

343 3049 481 3115 ridicula
503 3049 635 3136 neglegi
660 3073 725 3113 non
748 3059 888 3136 possunt
910 3052 944 3113 in
968 3049 1024 3113 tali
1047 3071 1092 3114 re.

447 3158 520 3222 Non
545 3167 720 3243 praecepto
737 3157 835 3222 tradit
851 3155 1077 3243 philosophus,
1095 3157 1155 3220 sed
1173 3157 1347 3220 observata
1364 3157 1409 3242 (p.
1430 3156 1514 3220 1410

342 3265 364 3329 b
388 3265 434 3346 7):
460 3273 566 3327 ποιεῖν
589 3265 649 3345 μὲν
671 3261 730 3327 οὖν
752 3263 841 3326 ἐστίν
863 3263 919 3326 τοῦ
943 3263 1086 3347 εὐφυοῦς
1113 3265 1133 3346 ἢ
1156 3262 1220 3336 ,τοῦ
1245 3266 1512 3344 γεγυμνασμένου,

343 3370 448 3446 δεῖξαι
471 3370 509 3433 δὲ
530 3371 589 3453 τῆς
608 3367 758 3451 pedridan
781 3366 907 3454 ταύτης,
943 3369 1052 3456 Atque
1068 3370 1109 3434 ab
1126 3371 1338 3454 argutissima
1354 3368 1513 3456 simulque

342 3481 517 3544 verissima
541 3479 772 3543 observatione
796 3478 922 3542 initium
947 3480 1034 3565 capit
1058 3476 1156 3562 (1410
1180 3476 1201 3541 b
1225 3479 1273 3562 9):
1298 3472 1378 3561 ἀρχὴ
1402 3475 1514 3539 δ’ἔστιο

451 3656 471 3721 11
491 3654 565 3709 Zwei
578 3654 803 3724 Abhendlungen
822 3655 892 3707 iiber
911 3653 955 3707 die
969 3653 1182 3707 Aristotelisohe
1196 3652 1316 3706 Theorie
1336 3652 1385 3704 des
1404 3652 1514 3718 Drama,

334 3729 440 3799 ¹'Berlin
460 3743 537 3810 1880,
556 3762 583 3812 p.
605 3742 655 3796 135
666 3760 724 3812 sqq.
763 3743 897 3812 Repetite
916 3745 959 3796 est
979 3741 1133 3810 disputatio
1152 3758 1187 3795 ex
1206 3740 1294 3794 Musei
1314 3740 1441 3794 Rheneni
1461 3740 1514 3794 vol.

343 3833 446 3902 VIIIp.
465 3832 614 3886 ool-596.

336 3947 341 3952 ··
436 3919 925 3992 Ἰλ)ο1“.Βι1111111111111.ο,1).168.
961 3921 1000 3974 At
1022 3917 1092 3981 λέξις
1116 3923 1145 3973 et
1161 3917 1309 3989 πράγματα
1331 3935 1387 3973 non
1416 3920 1516 3972 eadem

342 4013 414 4081 sunt,
427 4014 511 4080 atque
530 4008 603 4079 λόγοι
622 4013 651 4064 et
671 4009 745 4081 ipya;
765 4011 912 4080 praeterea
930 4008 1029 4063 divisio
1046 4009 1093 4062 ille
1113 4005 1440 4078 (dvdpnnoeldyoa-ibyat
1459 4025 1515 4061 non

338 4102 387 4164 ,ad
398 4103 488 4172 artem
506 4099 645 4170 poeticam
665 4099 821 4166 referende,
842 4099 891 4152 sed
910 4099 938 4151 in
957 4099 1020 4168 ipsa
1039 4098 1157 4152 materia
1176 4115 1247 4166 quae
1266 4098 1405 4150 tractatur
1423 4097 1516 4166 posita

343 4177 396 4253 stt,
417 4190 452 4242 cf.
471 4209 497 4258 p.
518 4189 615 4242 mua
633 4189 676 4258 ao,
696 4187 858 4242 1311123.

451 4279 468 4342 ³)
489 4278 584 4346 Longe
597 4276 652 4330 elie
664 4294 769 4346 genere
782 4281 1037 4332 commemorentur
1050 4277 1137 4330 altero
1151 4277 1211 4329 loeo
1225 4275 1293 4329 uitis
1305 4273 1463 4329 rhetorices
1477 4280 1515 4346 (p.

345 4367 437 4422 1419b
457 4368 564 4437 6sqq.):
584 4361 717 4438 εἰρωνείαν
729 4369 759 4421 et
771 4365 938 4438 βωμολοχίαν
950 4384 981 4421 1ο
994 4383 1061 4420 vera
1073 4365 1209 4419 tractavit
1221 4365 1388 4419 Aristoteles
1406 4364 1436 4417 in
1455 4367 1517 4420 arte

342 4459 461 4529 poetica.
