3252 5082
804 396 1022 460 -38-

432 573 579 654 Quorum
604 596 761 658 generum
780 572 966 659 complures
991 595 1056 636 non
1082 596 1102 636 a
1127 572 1265 637 Graecis
1287 575 1414 656 tradita,
1442 575 1510 638 sed

323 706 342 746 a
369 681 529 746 Cicerone
555 704 572 743 e
599 682 694 744 dictis
720 680 866 745 collectis
892 683 1088 766 cogitatione
1112 683 1246 744 inventa
1270 703 1344 744 esse
1369 691 1456 766 puto.

432 789 673 854 Gravissimum
709 799 817 852 autem
857 788 1019 873 simulque
1057 788 1359 871 ‘frequentissimum
1395 811 1507 872 genus

326 895 437 960 ultimo
462 895 535 960 loco
560 904 716 958 tractatur
741 895 846 980 (284);
876 892 950 958 ‘sed
974 917 1015 958 ex
1039 895 1089 957 his
1115 894 1266 959 omnibus
1290 895 1368 958 nihil
1395 899 1509 980 magis

327 1003 462 1084 ridetur,
499 1025 596 1089 quam
628 1003 715 1087 quod
740 1012 791 1065 est
818 1012 948 1085 praeter
972 1004 1248 1087 expectationem3
1284 1005 1378 1066 cuius
1407 1005 1505 1066 innu-

324 1109 497 1174 merabilia
535 1119 611 1172 sunt
650 1106 823 1194 exempla'
879 1109 971 1189 Quae
1013 1109 1176 1172 adduntur
1217 1109 1384 1172 schemata
1423 1109 1506 1172 huic

320 1219 437 1301 generi
462 1216 655 1280 subicienda
679 1215 763 1298 saint,
790 1228 866 1280 sunt
890 1226 997 1280 autem
1022 1217 1118 1280 haec:

428 1322 541 1409 ‘saepe
558 1326 655 1386 etiarn
680 1322 786 1386 facete
811 1324 976 1387 concedas
998 1323 1187 1387 adversario
1212 1323 1245 1385 id
1267 1325 1385 1408 ipsum,
1413 1324 1506 1408 quod

323 1430 382 1495 tibi
405 1430 459 1493 ille
485 1421 625 1493 detrahit
649 1427 752 1515 (286),

430 1560 530 1622 saepe
556 1539 653 1600 etiam
678 1539 878 1600 sententiose
903 1536 1041 1601 ridicula
1065 1537 1217 1602 dicuntur
1241 1536 1347 1621 (286);

431 1667 529 1729 saepe
554 1645 651 1707 etiam
677 1643 763 1707 salse
782 1667 865 1728 quae
889 1644 961 1708 fieri
985 1667 1051 1708 non
1067 1654 1207 1730 possunt
1223 1654 1375 1730 optantur
1391 1645 1507 1728 (287)·τ

430 1750 554 1814 salsum
578 1761 629 1814 est
656 1753 752 1814 etiam
778 1751 1011 1836 quaerentibus
1041 1761 1073 1814 et
1105 1754 1198 1837 quasi
1231 1751 1506 1836 percontantibus

325 1858 412 1922 lente
436 1857 640 1942 respondere
665 1858 753 1943 quod
776 1854 899 1921 nolint'.

432 1967 615 2050 Deceptam
651 1967 836 2050 opinionem
871 1989 937 2028 non
973 1965 1158 2049 neglectam
1194 1987 1269 2028 esse
1305 1987 1324 2028 a
1360 1964 1507 2030 Graecis

325 2076 461 2154 scimus3
497 2072 551 2134 hic
581 2071 784 2136 Graecorum
823 2095 880 2136 nos
917 2073 1093 2136 admonent
1127 2072 1266 2136 ridicula
1299 2074 1506 2137 sententiose

323 2181 423 2258 dicta3
448 2176 695 2262 ἀποφθέγματα
719 2182 805 2243 enim
828 2183 926 2272 etiam
950 2180 991 2243 ab
1009 2179 1186 2243 Aristotele
1210 2182 1242 2242 in
1259 2180 1387 2242 facetiis
1413 2203 1505 2243 com-

323 2296 546 2352 memorantur
569 2286 662 2368 (rhet.
688 2310 717 2372 p.
744 2288 829 2351 1412
855 2310 873 2350 a
898 2288 962 2368 21).

430 2395 468 2457 ln
507 2394 571 2458 fine
608 2398 706 2458 totius
747 2396 976 2480 disputationis
1012 2417 1136 2479 genera
1175 2396 1352 2481 praecipua
1387 2417 1505 2458 eorum

323 2505 478 2582 iocorum,
505 2505 560 2584 qui
584 2504 616 2566 in
641 2524 675 2564 re
701 2503 799 2588 positi
824 2513 908 2583 sunt,
934 2502 1132 2587 colliguntur
1156 2503 1261 2585 (289);

388 2641 389 2646 1
429 2605 523 2671 ‘haec
540 2618 657 2690 autem,
684 2632 768 2694 quae
793 2613 925 2673 suntin
950 2632 985 2673 re
1011 2620 1043 2673 et
1066 2613 1139 2694 ipsa
1155 2611 1327 2690 sententia,
1353 2609 1506 2694 partibus

226 2760 228 2764 .
325 2728 401 2780 sunt
421 2715 672 2780 innumerabilia
695 2717 872 2801 generibus
898 2741 1012 2802 pauca.

432 2823 713 2908 expectationibus
739 2826 824 2887 enim
850 2825 1054 2909 decipiendis
1081 2835 1112 2888 et

432 2933 555 2994 naturis
580 2930 716 2994 aliorum
741 2931 922 2995 inridendis

431 3040 578 3122 ipsorum
602 3037 738 3101 ridicule
762 3038 947 3102 indicandis
973 3048 1004 3100 et

435 3143 646 3208 similitudine
672 3147 825 3229 turpioris
850 3155 882 3208 et

432 3251 691 3316 dissimulatione
721 3263 753 3315 et

432 3359 640 3422 subabsurda
665 3360 804 3423 dicendo
830 3370 862 3422 et

433 3466 531 3529 stulta
554 3466 827 3552 reprehendendo
852 3469 938 3529 risus
964 3462 1156 3531 moventur².

431 3573 566 3636 Praeter
590 3595 629 3636 ea
653 3595 786 3656 genera,
812 3595 895 3658 quae
919 3596 980 3637 nos
1004 3573 1102 3638 hodie
1126 3573 1214 3659 apud
1239 3573 1386 3638 Graecos
1410 3575 1504 3637 inve·

324 3682 443 3751 nimus,
469 3680 586 3745 Cicero
613 3679 750 3743 Graecis
781 3701 844 3743 non
870 3679 971 3743 multa
995 3679 1117 3744 debere
1142 3680 1285 3760 videtur,
1321 3703 1397 3744 nam
1420 3680 1503 3743 mihi

326 3788 458 3872 quidem
474 3809 668 3872 persuasum
694 3798 745 3851 est
761 3810 835 3850 eum
861 3790 967 3872 ipsum
993 3797 1102 3851 cetera
1118 3788 1329 3866 discrevisse,
1356 3787 1388 3851 id
1412 3787 1503 3873 quod

325 3904 463 3959 testatur
486 3894 505 3979 ξ
530 3894 610 3958 288;
644 3891 716 3958 ‘sed
740 3895 823 3958 haec
856 3897 929 3980 ipsa
953 3895 1032 3958 mihi
1055 3895 1170 3987 videor
1193 3897 1225 3958 in
1254 3894 1355 3958 multa
1378 3916 1503 3979 genera

326 3997 557 4087 discripsisse'.
599 4000 692 4080 Quae
709 4025 762 4065 res
780 4001 842 4066 alio
859 4004 1044 4067 testimonio
1063 4002 1286 4083 confirmatur3
1310 4023 1385 4064 nam
1403 4003 1502 4064 etiam

324 4112 358 4173 in
397 4109 523 4173 Latinis
558 4106 673 4172 litteris
708 4120 743 4172 ut
777 4112 809 4172 in
847 4109 987 4173 Graecis
1023 4109 1190 4194 catalogus
1226 4110 1357 4194 quidam
1394 4121 1502 4172 exstat

325 4239 483 4301 generum
518 4215 658 4298 ridiculi,
696 4219 749 4302 qui
787 4219 918 4280 minime
954 4217 1180 4302 neglegendus
1216 4227 1274 4280 est.
1330 4216 1502 4280 Librorum

327 4326 413 4388 enim
448 4324 490 4387 ad
526 4324 730 4388 Herennium
765 4327 940 4388 missorum
977 4314 1101 4388 auctor
1129 4325 1258 4388 decima
1297 4326 1393 4410 primi
1426 4322 1504 4386 libri

326 4431 531 4517 paragrapho
572 4454 611 4495 ea
650 4454 733 4516 quae
773 4433 876 4495 risum
911 4454 1043 4495 movere
1079 4434 1207 4517 possint
1243 4441 1425 4512 enumerat,
1462 4455 1504 4496 ac
