3252 5082
820 382 1041 446 -26-

339 559 428 623 aliud
456 581 573 623 eorum¹
596 560 661 622 nisi
694 562 767 645 ipsa
795 559 964 624 insulsitas
994 560 1160 625 rideatur’.
1216 561 1402 642 Quaeritur,
1434 583 1520 646 quos

339 664 440 729 libros
452 675 579 750 spectet
588 665 715 731 Cicero.
741 665 831 730 Fieri
844 689 924 730 sane
938 676 1054 753 potest,
1068 677 1104 730 ut
1116 666 1521 753 spectetTheophrastum

339 781 372 833 et
397 771 602 836 Demetrium
626 771 838 855 Phalereum3
865 773 925 837 sed
949 797 1027 837 num
1051 773 1230 838 verisimile
1255 784 1404 838 osteum
1429 777 1520 837 viros

340 878 550 942 doctissimos
576 889 608 942 et
637 877 838 944 clarissimos
869 879 1037 967 appellare
1067 880 1235 945 insulsos?
1265 905 1306 946 an
1336 881 1520 966 putandum

340 995 390 1048 est
413 995 543 1071 praeter
566 985 640 1050 illos
657 986 698 1049 ab
716 985 789 1050 aliis
807 987 1022 1073 scriptoribus
1039 997 1127 1052 artes
1145 988 1186 1051 de
1204 1010 1243 1051 ea
1263 1009 1298 1050 re
1316 991 1521 1074 compositas

339 1091 437 1156 esse?
472 1091 619 1156 Facilius
644 1094 785 1158 fortasse
810 1093 873 1158 alio
898 1094 997 1157 modo
1022 1117 1077 1158 res
1103 1095 1299 1180 explicatum
1328 1105 1408 1180 puto
1431 1098 1521 1159 enim

338 1200 403 1262 iam
426 1200 460 1262 in
483 1197 572 1262 fonte
602 1199 732 1264 Craeco
757 1200 853 1264 huius
879 1200 1110 1286 disputationis
1135 1201 1222 1264 idem
1247 1201 1369 1265 dictum
1394 1202 1520 1265 fuisse:

338 1305 484 1369 insulsos
514 1329 589 1370 esse
618 1329 676 1370 eos
702 1307 862 1388 homines,
899 1310 954 1393 qui
987 1306 1117 1373 ridiculi
1152 1310 1321 1372 ‘rationem
1352 1308 1520 1393 quendam

338 1420 509 1497 artemque
534 1412 672 1477 tradere'
699 1412 828 1478 vellent.
865 1414 948 1477 Nam
967 1413 1074 1478 simile
1092 1414 1170 1500 quid
1185 1416 1249 1478 iam
1266 1416 1299 1478 in
1315 1412 1379 1477 illis
1406 1415 1518 1478 verbis

339 1520 435 1600 inest,
461 1519 579 1604 quibus
603 1519 800 1584 Aristoteles
831 1543 903 1584 eam
931 1530 1058 1606 partem
1089 1523 1167 1584 artis
1194 1520 1378 1585 rhetoricae
1403 1523 1521 1607 incipit

339 1647 424 1710 quae
448 1635 498 1688 est
522 1623 562 1688 de
586 1621 779 1704 urbanitate,
805 1627 861 1691 ubi
885 1650 950 1691 non
975 1625 1012 1691 se
1037 1627 1209 1692 docturum
1238 1651 1314 1692 esse
1343 1625 1381 1691 td
1410 1641 1520 1692 naara

339 1729 380 1792 rol
403 1728 519 1794 durata
542 1734 707 1818 promittit,
733 1734 791 1798 sed
818 1736 949 1820 species
975 1757 1011 1798 se
1036 1743 1241 1798 ostentorum
1251 1737 1282 1820 1).
1320 1735 1450 1816 Quibus
1477 1759 1521 1799 ex

339 1839 438 1903 rebus
482 1840 624 1904 fortasse
664 1841 862 1905 concludere
902 1841 979 1905 licet
1018 1845 1116 1906 etiam
1155 1841 1421 1927 Theophrastum
1464 1841 1521 1906 vel

339 1946 547 2011 Demetrium
583 1947 779 2012 Phalereum
817 1949 905 2011 idem
945 1947 1041 2034 paulo
1078 1949 1212 2012 uberius
1248 1952 1444 2034 exposuisse
1486 1953 1520 2012 in

339 2055 518 2138 prooemio,
544 2053 603 2117 hos
629 2064 777 2118 secutum
798 2077 873 2118 esse
890 2054 1096 2136 Ciceronem,
1122 2078 1205 2140 quae
1223 2059 1412 2120 coniectura
1436 2079 1519 2120 sane

340 2162 465 2224 incerta
490 2172 548 2223 est.

447 2267 600 2331 Plurimis
636 2268 754 2332 deiude
779 2269 891 2332 verbis
916 2268 1033 2334 Cicero
1066 2271 1209 2354 exponit,
1244 2272 1306 2333 etsi
1329 2274 1520 2356 praeceptis

339 2377 372 2437 in
397 2375 448 2437 bis
472 2375 552 2438 nihil
576 2375 778 2460 proficiatur,
803 2386 913 2440 tamen
938 2399 1006 2440 rem
1032 2400 1098 2440 non
1126 2377 1293 2461 indiguam
1326 2400 1401 2440 esse
1432 2400 1519 2463 quae

339 2491 505 2544 tractetur.
568 2483 619 2546 De
645 2483 806 2547 divisione
832 2505 917 2568 quae
941 2483 1106 2569 profertur
1128 2481 1147 2568 ξ
1172 2485 1236 2548 218
1262 2482 1440 2567 (cavillatio
1465 2485 1520 2548 vel

339 2598 498 2672 perpetua
522 2588 717 2669 festivitas2)
745 2625 783 2634 —
810 2589 982 2674 dicacitas)
1007 2589 1103 2676 paulo
1128 2591 1265 2654 inferius
1291 2591 1450 2673 dicemus,
1477 2593 1518 2655 de

339 2703 406 2757 toto
431 2704 538 2757 autem
565 2698 743 2780 prooemi0,
774 2719 972 2782 quamquam
1000 2696 1157 2760 nonnulla
1186 2709 1364 2783 praecepta
1389 2698 1430 2762 de
1454 2722 1519 2763 usu

340 2799 470 2864 ridiculi
499 2803 685 2885 continetll,
721 2803 782 2866 hoc
811 2802 883 2867 loco
914 2806 1100 2868 accuratius
1131 2827 1229 2888 agere
1260 2807 1382 2870 nonin
1407 2809 1518 2870 animo

341 2919 400 2984 est,
431 2911 507 2993 quia
535 2911 683 2994 proximo
714 2912 830 2996 capite,
866 2910 922 2973 ubi
952 2910 992 2973 de
1019 2910 1220 2990 Quintiliano
1251 2935 1399 2996 agemus,
1433 2913 1518 2976 haec

341 3037 532 3101 comparare
563 3039 703 3080 necesse
729 3028 787 3081 est.
835 3017 885 3080 Ea
913 3028 1038 3081 tantum
1072 3018 1211 3083 monebo
1242 3041 1326 3104 quae
1352 3018 1516 3083 Graecam

339 3121 428 3185 illam
459 3145 556 3208 quam
586 3127 737 3188 novimus
767 3124 949 3189 doctrinam
986 3124 1082 3188 nobis
1114 3127 1146 3187 in
1175 3135 1317 3189 mentem
1346 3137 1516 3190 revocant.

341 3229 439 3293 Velut
473 3232 502 3292 si
529 3229 706 3315 legerimus
736 3231 754 3316 ξ
783 3232 862 3296 218:
892 3231 975 3295 ‘leve
1005 3254 1124 3295 nomen
1153 3230 1252 3296 habet
1281 3243 1418 3318 utraque
1446 3232 1516 3296 res!

341 3338 475 3422 quippe,
509 3335 582 3401 leve
612 3341 699 3401 enim
731 3349 782 3402 est
810 3349 911 3403 totum
941 3338 1003 3402 hoc
1036 3341 1139 3402 risum
1163 3339 1316 3420 movere',
1349 3342 1455 3404 statim
1483 3349 1518 3404 ut

340 3446 457 3527 opinor
485 3447 735 3510 reminiscemur
765 3447 935 3522 Demetrii,
973 3449 1028 3532 qui
1061 3445 1282 3529 distinguebat
1310 3457 1516 3510 venustatem

339 3552 523 3634 graviorem
549 3561 581 3614 et
604 3551 806 3636 leviorem4),
836 3576 874 3617 ac
909 3551 1007 3617 simul
1032 3553 1181 3616 videmus
1211 3576 1230 3616 a
1254 3552 1415 3618 Cicerone
1444 3577 1515 3617 cam

340 3667 467 3742 partem
489 3658 557 3720 τῶν
579 3660 720 3742 χαρίτων
735 3660 776 3724 de
793 3660 954 3724 industria
970 3662 1110 3728 tractari,
1136 3683 1219 3745 quae
1235 3663 1342 3724 minus
1360 3661 1515 3746 ponderis

340 3763 482 3829 habehat
517 3765 604 3851 apud
639 3765 739 3831 illum.
795 3767 988 3832 Ciceronem
1024 3769 1122 3851 igitur
1157 3766 1239 3832 libro
1275 3769 1347 3847 περὶ
1381 3767 1513 3842 γελοίου,

448 3979 469 4044 l)
487 3997 515 4046 p.
537 3978 606 4030 1410
624 3979 642 4031 b
662 3978 687 4045 6,
707 3979 742 4032 cf.
762 3997 845 4048 supra
863 3998 890 4048 p.
910 3981 935 4031 4.

448 4068 468 4134 δἱ)
488 4066 618 4120 Facetias
646 4071 825 4136 opponuntur
845 4068 1141 4134 dicacitati‘oratoris’
1173 4073 1187 4134 ᾖ
1212 4069 1258 4137 87;
1286 4070 1373 4124 verba
1398 4070 1512 4124 Graeca.

340 4173 411 4224 quae
430 4156 473 4208 his
492 4156 690 4225 respondeant,
709 4157 815 4211 frustra
833 4175 945 4226 quaero.

449 4245 469 4309 ³)
490 4243 567 4309 Quae
587 4246 680 4299 omnia
698 4247 817 4300 collecta
836 4247 969 4317 leguntur
986 4248 1016 4300 in
1030 4247 1161 4301 ‘oratore'
1185 4252 1228 4314 (ἐξ
1247 4247 1350 4316 asset).

447 4336 469 4401 ⁴)
488 4334 627 4388 Nimirum
651 4353 707 4390 nou
730 4338 849 4390 multum
873 4339 1005 4406 ponderis
1028 4339 1122 4392 tribuo
1146 4338 1197 4391 tali
1222 4337 1404 4402 similitudini,
1432 4356 1514 4408 quam

338 4441 405 4477 casu
424 4426 514 4478 ortam
534 4441 595 4478 esse
615 4428 801 4493 crederemus,
821 4427 874 4480 nisi
895 4431 990 4482 cetera
1008 4427 1186 4482 accederent.
