3252 5082
825 337 1040 440 ,42-

346 557 488 640 exponit,
515 577 598 640 quae
623 557 689 619 sint
713 557 855 640 ‘generis
881 556 1030 620 eiusdem
1055 578 1097 618 ex
1122 578 1185 641 quo
1203 555 1341 619 ridicula
1357 556 1518 619 ducantur

346 674 377 725 et
403 677 511 726 tamen
534 662 673 726 ridicula
698 686 763 726 non
788 661 870 725 sint’
912 664 964 726 De
987 662 1098 726 indole
1123 662 1196 726 libri
1221 663 1378 726 Marsiani
1403 687 1445 726 cx
1469 663 1517 726 his

345 792 511 854 perpauca
536 770 703 833 discimus.
753 771 921 833 Discimus
946 792 1021 833 eum
1048 770 1198 833 finivisse
1223 769 1440 833 urbanitatem
1470 794 1515 838 ac.

345 898 543 961 quamquam
580 878 676 939 etiam
712 877 866 940 narrandi
902 876 1118 940 urbanitatem
1153 866 1322 961 probabat,
1353 879 1385 940 in
1423 878 1517 942 dictis

344 987 521 1069 praecipue
545 986 709 1070 posuisse,
736 984 893 1049 discimus
928 1007 1001 1047 eum
1032 985 1119 1048 dicta
1146 984 1273 1048 urbana
1302 985 1455 1048 divisisse
1486 988 1517 1046 in

344 1094 430 1154 seria
457 1094 569 1155 iocosa
597 1092 717 1170 media,
744 1094 830 1155 seria
858 1093 890 1154 in
925 1091 1105 1155 honorifica
1136 1090 1372 1155 contumeliosa
1401 1092 1516 1167 media,

345 1199 502 1261 discimus
538 1198 678 1283 denique
715 1220 789 1261 eum
824 1198 985 1283 exemplis
1014 1197 1198 1261 illustrasse
1227 1197 1282 1261 illa
1310 1221 1444 1282 genera,
1481 1221 1517 1261 ac

346 1307 497 1390 quoniam
522 1327 647 1390 paucae
671 1305 835 1368 finitiones
859 1304 978 1368 librum
1002 1328 1068 1369 non
1093 1304 1234 1390 explent,
1265 1305 1443 1369 verisimile
1469 1317 1517 1368 est

345 1434 419 1475 eum
443 1434 509 1475 non
531 1433 668 1496 parvum
694 1434 865 1476 numerum
892 1412 1053 1476 dictorum
1080 1415 1301 1494 congessisse.

454 1537 506 1599 De
522 1536 604 1600 locis
621 1536 751 1600 ridiculi
768 1541 878 1621 egisse
892 1538 1076 1600 Domitium
1089 1537 1234 1600 Marsum
1251 1559 1358 1622 neque
1376 1558 1516 1621 usquam

345 1645 503 1728 scriptum
542 1643 661 1727 legitur
699 1666 807 1729 neque
847 1644 1024 1707 verisimile
1065 1655 1125 1725 est,
1173 1667 1211 1707 ac
1250 1646 1307 1706 vix
1346 1645 1517 1728 quisquam

345 1750 569 1814 demonstrare
594 1753 721 1833 poterit,
748 1774 811 1836 quo
836 1752 934 1816 modo
960 1751 1047 1814 dicta
1075 1751 1235 1836 disposita
1263 1751 1394 1814 fuerint.
1444 1749 1516 1829 Qua

345 1857 385 1920 de
402 1880 438 1920 re
456 1860 676 1921 coniecturam
691 1857 825 1943 protulit
837 1858 1001 1922 Wissowa
1017 1860 1050 1921 in
1067 1857 1235 1921 Analectis
1252 1857 1472 1920 Macrobiauis
1484 1859 1515 1937 1).

345 1963 443 2049 Apud
472 1955 690 2028 Macrobrium
724 1967 820 2045 enim,
858 1967 913 2050 qui
949 1967 982 2027 iu
1013 1964 1114 2028 altero
1147 1963 1406 2028 Saturnaliorum
1437 1963 1516 2026 libro

343 2071 445 2135 multa
461 2072 566 2134 facete
584 2071 670 2133 dicta
688 2073 865 2155 congessit,
888 2071 1067 2156 compluria
1085 2072 1171 2134 dicta
1187 2073 1408 2142 inveniuntur,
1435 2093 1516 2156 quae

344 2180 440 2241 etiam
457 2180 489 2241 in
508 2177 702 2258 Quintiliani
718 2179 758 2241 de
775 2180 845 2242 risu
862 2178 1081 2264 disputatione
1106 2179 1292 2241 afferuntur.
1333 2179 1516 2262 Utrumque

344 2287 537 2370 scriptorem
563 2285 679 2348 eodem
707 2285 798 2349 fonte
832 2307 929 2348 usum
959 2308 1034 2348 esse
1064 2288 1276 2371 perspicuum
1307 2285 1410 2366 esc),
1444 2307 1515 2348 cum

344 2403 451 2456 autem
478 2393 541 2455 duo
567 2391 717 2478 exempla
743 2392 829 2476 apud
854 2403 1027 2477 utrumque
1051 2393 1202 2477 legantur
1228 2392 1374 2474 (Quintil.
1401 2392 1464 2455 109
1488 2401 1516 2453 et

346 2503 419 2581 111,
436 2499 580 2562 Macrob.
600 2499 699 2580 113,7
719 2509 750 2562 et
767 2501 811 2582 8),
837 2499 954 2584 quibus
972 2499 1118 2564 Marsum
1136 2523 1230 2562 usum
1250 2522 1324 2562 esse
1350 2499 1516 2584 profitetur

344 2605 573 2686 Quintilianus,
592 2607 755 2670 Wissowa
773 2609 913 2671 coniecit
929 2607 1052 2670 fontem
1071 2629 1277 2670 communem
1295 2629 1370 2669 esse
1386 2607 1516 2670 Domitii

343 2714 444 2777 Marsi
467 2712 596 2777 librum.
646 2714 738 2793 Quae
769 2715 931 2777 sententia
959 2714 1063 2798 primo
1094 2714 1206 2777 obtutu
1237 2713 1417 2798 probabilis
1443 2735 1515 2776 esse

342 2820 481 2906 videtur,
505 2830 602 2906 atque
619 2823 690 2906 ipse
709 2821 796 2884 idem
813 2822 948 2902 conieci,
969 2823 1157 2906 priusquam
1176 2823 1314 2904 cognovi
1335 2819 1514 2883 Wissowoe

345 2930 661 2992 commentationem.
710 2929 753 2992 At
790 2939 875 3008 sunt,
913 2950 996 3013 quae
1034 2939 1147 2991 contra
1182 2926 1314 2990 faciant.
1361 2928 1444 2990 Nam
1480 2948 1515 2988 ea

346 3036 432 3098 dicta
467 3058 551 3120 quae
587 3036 767 3099 Domitium
804 3035 950 3099 Marsum
987 3034 1135 3099 attulisse
1173 3035 1251 3098 dicit
1286 3033 1513 3114 Quintilianus

345 3142 514 3206 Ciceronis
544 3153 633 3222 sunt3
667 3143 725 3206 sed
760 3143 919 3224 dictorum
951 3141 1120 3206 Ciceronis
1151 3141 1270 3226 quibus
1295 3139 1514 3221 Quintilianus

344 3252 416 3334 ipse
434 3250 613 3314 doctrinam
629 3271 720 3313 suam
735 3249 875 3313 illustrat
887 3249 1012 3312 nullum
1025 3248 1111 3334 apud
1122 3247 1325 3312 Macrobium
1338 3250 1514 3326 invenitur3

346 3359 377 3418 in
403 3357 454 3419 his
478 3359 576 3440 igitur
601 3361 628 3420 si
653 3358 841 3424 Macrobius
867 3360 1012 3422 Marsum
1043 3370 1176 3423 secutus
1207 3373 1266 3435 est,
1297 3357 1514 3438 Quintilianus

344 3465 492 3528 Marsum
520 3489 586 3529 non
616 3476 748 3529 secutus
778 3477 838 3530 est.
886 3466 1170 3530 immo'Caesaris
1196 3468 1337 3550 Augusti
1366 3475 1515 3548 quattuor

346 3571 433 3634 dicta
461 3573 548 3657 apud
578 3584 750 3659 utrumque
780 3572 967 3658 leguntur-³)
1005 3584 1036 3635 et
1067 3573 1222 3637 Cascellii
1257 3573 1380 3636 dictum
1415 3594 1515 3636 unum

345 3676 491 3762 (Quintil.
517 3679 557 3743 87
580 3718 611 3724 -
635 3680 922 3763 Macrob.116,2),
948 3679 1007 3742 sed
1031 3701 1194 3764 nusquam
1218 3679 1356 3742 traditur
1371 3679 1514 3742 Marsum

346 3783 520 3869 collegisse
545 3785 687 3870 Augusti
716 3786 812 3862 dicta,
840 3785 875 3848 id
905 3786 993 3871 quod
1021 3807 1062 3849 ue
1092 3784 1269 3848 verisimile
1300 3784 1433 3868 quidem
1458 3795 1512 3861 est,

345 3914 418 3954 cum
437 3892 580 3955 Marsum
598 3896 711 3978 paucis
729 3895 823 3956 annis
840 3903 915 3978 post
931 3873 1095 3956 Christum
1119 3902 1231 3955 natum
1254 3900 1417 3956 mortuum
1444 3913 1513 3954 esse

344 4021 542 4028 -.——.—...—--

453 4073 472 4132 ¹)
492 4069 611 4121 Hermae
631 4068 684 4122 vol.
705 4068 746 4135 16,
766 4088 792 4136 p.
812 4067 865 4122 499
884 4085 943 4136 sqq.

452 4160 471 4226 ²)
491 4157 525 4211 cf.
540 4157 693 4211 Wissowae
707 4161 873 4227 argumenta
891 4159 908 4211 1.
923 4175 959 4220 c.;
979 4158 1051 4212 addo
1072 4158 1172 4210 eodem
1191 4155 1289 4210 o'rdine
1309 4157 1386 4210 dicta
1399 4155 1513 4223 Augusti

343 4248 462 4316 proferri
483 4249 557 4318 apud
576 4251 726 4316 utrumqne
746 4249 831 4318 (apud
847 4241 960 4312 Quintil.
975 4251 1007 4313 ἐξ
1022 4247 1064 4310 59,
1078 4247 1121 4314 64,
1138 4245 1180 4308 76,
1195 4245 1236 4313 77,
1257 4247 1331 4314 apud
1345 4245 1514 4299 Macrobinm

343 4339 438 4406 quarti
457 4338 557 4407 capitis
576 4341 607 4408 ξς
626 4339 652 4398 3,
672 4337 697 4401 6,
717 4337 741 4406 7,
761 4338 813 4400 161.
1129 4351 1131 4356 ·

452 4429 472 4498 ³)
494 4427 528 4480 cf.
549 4429 644 4481 adnot.
665 4430 690 4480 2.
