3252 5082
609 384 829 448 ,39-

124 588 196 630 non
220 565 317 628 modo
342 564 458 627 eadem
482 563 552 626 fere
577 562 674 625 habet
697 585 821 645 genera
850 585 942 646 quae.
959 561 1087 638 Cicero,
1117 561 1177 624 sed
1208 562 1304 623 etiam

124 673 248 736 iisdem
273 670 443 735 vocabulis
467 692 521 732 res
539 667 711 753 significat.
760 667 826 733 Sed
850 671 930 732 miro
948 669 1045 731 modo
1069 668 1114 746 fit,
1141 678 1175 730 ut
1198 669 1306 730 omnia

127 803 170 844 ea
201 801 333 862 genera,
371 800 454 864 quae
491 800 511 839 a
546 776 705 840 Cicerone
740 777 874 838 inventa
909 797 983 838 esse
1019 778 1204 860 putavimus
1239 791 1305 838 no'n

128 887 294 964 exhibeat,
332 884 393 947 sed
428 905 468 946 ea
502 893 636 955 tantum,
674 904 758 967 quae
794 884 888 945 etiam
926 883 1013 967 apud
1049 881 1196 946 Graecos
1232 903 1304 965 rep·

126 995 287 1079 perimus.
335 991 380 1055 Ut
403 1000 512 1053 autem
537 989 771 1069 demonstrem,
798 1011 894 1074 quam
918 998 987 1052 arte
1005 988 1202 1052 cohaereant
1226 990 1304 1050 scri-

128 1111 251 1185 ptores,
278 1097 464 1162 exscribam
481 1095 589 1158 locum
606 1098 660 1176 ita,
685 1105 720 1158 ut
736 1095 875 1159 adiciam
894 1096 1121 1180 disputationis
1140 1095 1304 1160 Ciceroni*

128 1229 212 1270 anae
237 1228 293 1268 eas
317 1202 552 1290 paragraphus,
577 1203 750 1287 inquibus
774 1202 861 1266 idem
888 1201 940 1265 vel
963 1212 1119 1270 tractatur
1143 1202 1195 1264 vel
1220 1224 1304 1264 com·

128 1323 344 1376 memoratur:

235 1416 275 1482 ‘si
301 1418 426 1482 defessi
450 1421 534 1482 erint
550 1416 724 1497 audiendo,
751 1415 832 1501 [scil.
860 1417 1023 1481 excordiri
1046 1413 1237 1502 poterimus]
1262 1415 1303 1478 ab

125 1528 239 1612 aliqua
264 1549 308 1601 re,
334 1548 418 1612 quae
443 1527 543 1589 risum
569 1547 702 1588 movere
726 1526 841 1608 possit,

238 1634 279 1697 ab
304 1633 442 1718 apologo
660 1630 749 1713 (264)

237 1740 349 1804 fabula
371 1741 460 1802 verei
486 1737 583 1801 simili
656 1738 799 1822 (alosq,
828 1739 904 1820 264)

239 1849 416 1911 imitatione
441 1847 621 1931 depravata
656 1847 748 1927 (242)

237 1957 423 2018 inversione
659 1952 748 2038 (262)

237 2062 390 2146 ambiguo
655 2060 733 2143 (253
746 2058 832 2144 sqq.)

237 2171 426 2254 suspicione
654 2167 747 2250 (278)

237 2278 394 2340 inrisione
655 2276 745 2357 (289,
771 2273 811 2337 cf.
838 2276 915 2358 277)

239 2382 373 2446 stultitia
653 2381 802 2466 (atlsq.)

237 2493 472 2576 exuperatione
652 2485 828 2570 (ὑπερρολὴ
855 2501 966 2574 aperte
991 2499 1146 2553 tractatur
1170 2489 1246 2570 267)

237 2595 462 2678 collectione¹)
652 2596 708 2667 (cf.
734 2599 923 2659 coniectura
947 2594 1047 2681 280?)

236 2702 415 2767 litterarum
439 2705 616 2767 mutatione
650 2703 740 2786 (256)

237 2812 624 2897 praeterexpectatioue2)
653 2809 742 2892 (284)

236 2917 447 2981 similitudine
652 2917 801 3002 (aotsq.)

236 3027 379 3089 novitate
652 3047 657 3096 ι
665 3025 707 3087 cf.
725 3025 859 3088 Aristot.
878 3025 958 3089 rhet.
974 3048 1004 3109 p.
1023 3026 1106 3088 1412
1120 3049 1139 3087 a
1152 3025 1194 3088 25
1207 3030 1302 3086 καινὰ

749 3130 875 3212 λέγειν.)

237 3221 372 3285 historia
652 3221 741 3304 (265)

238 3351 335 3392 versu
649 3327 737 3414 (257)
749 3332 784 3410 3).

236 3434 301 3514 Qui
330 3435 497 3519 catalogus
530 3437 644 3515 incipit
674 3435 808 3520 quidem
843 3434 884 3498 ab
921 3435 1035 3498 iisdem
1069 3435 1178 3506 rebus,
1218 3459 1303 3521 quae

128 3543 246 3608 Cicero
276 3544 380 3627 primo
409 3541 481 3606 loco
510 3552 636 3624 tractat,
673 3566 692 3605 a
720 3542 904 3606 narratione
930 3552 962 3606 et
984 3544 1161 3605 imitatione
1187 3542 1301 3629 depra-

126 3661 212 3730 vata,
238 3649 298 3713 sed
321 3652 354 3712 in
372 3652 489 3712 ceteris
508 3660 634 3714 certum
651 3649 798 3714 ordinem
814 3649 937 3713 frustra
953 3671 1102 3734 quaeras.
1144 3651 1301 3735 Apertum

127 3769 234 3822 autem
261 3770 310 3820 est
326 3767 495 3821 auctorem
519 3756 615 3820 huius
639 3756 714 3821 libri
738 3778 780 3820 ex
804 3755 920 3820 eodem
944 3756 1034 3820 fonte
1057 3756 1186 3821 haurire
1203 3768 1301 3843 atque

128 3863 332 3943 Ciceronem,
360 3886 399 3928 ac
427 3874 597 3948 tantopere
623 3865 799 3928 concinunt
827 3887 892 3927 non
921 3864 1019 3928 modo
1045 3865 1076 3926 in
1100 3864 1210 3946 rebus,
1242 3867 1302 3930 scd

128 3973 225 4034 etiam
260 3972 291 4033 in
327 3971 447 4052 verbis,
484 3985 519 4032 ut
552 3980 726 4055 utrumque
761 3972 876 4035 Latino
913 3970 1055 4056 quodam
1090 3971 1171 4036 libro
1204 3995 1301 4036 usum

234 4113 255 4175 1)
274 4111 370 4163 Malim
389 4111 511 4163 scribere
531 4110 680 4164 collatione
700 4109 807 4172 (Cicero
827 4111 887 4180 265,
908 4110 943 4167 ef.
964 4110 1077 4174 Quintil.
1098 4111 1137 4164 IX
1156 4112 1256 4177 2103).

235 4200 256 4269 12)
277 4199 320 4253 Sic
334 4201 530 4268 corrigendum
548 4216 600 4267 pro
613 4202 769 4267 ‘praeterea
787 4200 1001 4268 expectatione,
1021 4200 1056 4253 cf.
1077 4201 1200 4254 Marxius
1218 4221 1244 4271 p.
1258 4201 1300 4254 27.

235 4291 256 4353 ³)
275 4291 343 4344 Post
361 4290 462 4344 ‘versu'
485 4289 615 4357 graviore
642 4293 709 4344 nota
738 4291 966 4359 distinguendum
996 4293 1039 4345 est
1068 4309 1150 4360 qnam
1174 4291 1302 4345 feceruut

129 4379 262 4449 editores;
284 4397 351 4433 nam
370 4398 440 4448 quae
461 4382 593 4432 secuntur
608 4379 657 4432 ‘ab
677 4379 790 4432 alicuius
809 4380 1037 4449 interpellatione
1056 4382 1105 4433 aut
1124 4380 1267 4434 adrisione’
1286 4398 1302 4432 o

128 4468 276 4536 generibus
293 4469 402 4524 ridiculi
420 4469 575 4538 separanda
592 4472 669 4534 snnt;
688 4470 761 4537 quod
776 4471 819 4523 vel
833 4487 867 4522 ex
880 4469 1003 4538 repetito
1015 4469 1063 4523 illo
1073 4469 1130 4523 ‘ab’
1141 4487 1300 4536 cognoscas.
