3252 5082
604 351 825 420 „55-

122 557 334 622 quaeremus,
359 557 432 605 cum
450 536 595 598 sciamus
612 531 700 618 apud
717 530 911 597 Ciceronem
929 531 1024 616 sequi
1041 525 1305 616 paronomasian,

122 645 298 709 videamus
315 641 403 729 apud
421 639 659 724 Quintilianum
675 638 764 703 idem
779 637 915 702 schema
939 635 1099 702 describi:
1125 638 1304 703 ‘nominum

121 751 213 816 fictio
244 749 393 834 adiectis,
429 747 597 828 detractis,
631 747 765 810 mutatis
793 743 929 809 litteris'.
977 745 1068 810 Voce
1102 746 1177 831 ipsa
1200 744 1302 824 Quin-

121 857 257 922 tilianus
280 855 344 922 hoc
371 854 444 920 loco
471 857 520 920 uti
546 852 693 918 noluisse
724 851 863 930 videtur,
902 851 991 938 quod
1019 853 1049 916 ei
1078 854 1304 934 παρονομασία

121 967 232 1052 figura
255 963 348 1029 verbi
371 972 421 1028 est
445 960 499 1048 (cf.
523 961 575 1026 IX
598 961 628 1037 3,
665 959 708 1025 66
743 981 827 1045 sqq,
864 958 921 1023 ubi
949 960 1047 1023 etiam
1075 961 1223 1023 iocorum
1252 981 1302 1022 re-

22 1115 23 1132 t
122 1073 332 1152 miniscitur).
379 1069 514 1134 Minime
539 1075 649 1132 autem
673 1065 790 1153 probat
814 1065 877 1132 hoc
900 1082 1017 1150 genus,
1055 1067 1087 1129 in
1117 1067 1302 1151 quentin

22 1155 23 1182 ¹
122 1177 289 1265 prioribus
323 1178 390 1242 vim
425 1177 474 1240 rei
508 1174 685 1257 desiderat,
722 1193 761 1238 ac
785 1174 922 1238 Domitii
944 1171 1018 1239 Afri
1046 1172 1169 1237 dietum
1198 1173 1302 1253 affert,

123 1286 213 1372 quod
250 1284 414 1349 urbanum
454 1292 514 1365 est,
554 1284 663 1346 ‘etiam
703 1283 731 1345 si
769 1279 859 1345 nulla
894 1279 1001 1344 subsit
1039 1279 1174 1345 alterius
1210 1281 1302 1344 verbi

127 1391 328 1458 similitudo’.

229 1498 364 1585 Frigida
388 1500 418 1562 ei
442 1498 541 1562 etiam
565 1517 604 1561 ea
627 1480 780 1561 videntur
801 1517 888 1578 esse,
913 1515 998 1581 quae
1014 1494 1097 1560 fiunt
1113 1495 1253 1559 ‘adiecta
1271 1508 1304 1559 et

123 1607 272 1672 detracta
295 1605 518 1693 adspiratione
542 1615 574 1669 et
598 1604 715 1669 divisis
739 1606 966 1670 coniunctisvc
989 1603 1120 1688 verbis',
1146 1625 1230 1690 quae
1247 1617 1304 1668 aut

120 1714 371 1800 paronomasiae
395 1722 451 1779 aut
474 1711 694 1800 amphiboliae
718 1713 929 1779 adnumerari
955 1723 1095 1800 possunt
1118 1713 1171 1798 (cf.
1196 1713 1245 1776 IX
1270 1713 1301 1792 3,

124 1819 178 1904 69,
205 1819 270 1885 VII
295 1822 327 1904 9,
351 1823 371 1885 4
396 1822 494 1908 sqq.).

131 1969 135 1974 -
230 1929 384 2014 Denique
423 1930 521 1992 etiam
558 1929 700 1993 nominis
739 1929 1042 2014 interpretationem
1085 1949 1182 2012 quam
1223 1927 1302 1990 dicit

124 2035 240 2101 Cicero
258 2035 350 2118 (257)
368 2043 602 2099 commemorat
618 2033 698 2121 (labb
725 2034 919 2120 ‘eademque
943 2023 1101 2099 condicio
1118 2043 1169 2098 est
1191 2037 1224 2098 in
1248 2034 1298 2114 iis,

121 2163 205 2228 quae
228 2164 249 2206 a
271 2140 459 2206 nominibus
483 2139 710 2225 trahuntur’1).
753 2141 946 2206 Afferuntur
968 2140 1125 2206 nonnulla
1148 2140 1299 2227 exempla

122 2272 139 2314 e
164 2249 335 2315 Ciceronis
360 2249 508 2313 Verrinis
533 2251 644 2335 petita,
681 2271 765 2335 quae
793 2258 903 2314 tamen
926 2252 1034 2314 minus
1058 2248 1175 2336 probat
1198 2247 1298 2328 Quin·

121 2355 251 2421 tilianus
281 2366 313 2420 et
340 2378 412 2420 eam
442 2366 568 2420 tautum
599 2355 640 2420 ob
673 2379 808 2421 causam
843 2355 1027 2421 tolerabilia
1062 2376 1137 2420 esse
1174 2365 1298 2436 censet,

122 2461 209 2550 quod
231 2463 303 2527 aliis
328 2463 501 2549 adsignata
526 2464 589 2528 sint
612 2485 631 2528 a
655 2463 814 2553 Cicerone
832 2462 885 2550 (cf.
902 2465 921 2548 ᾗ
937 2463 983 2549 4).
1025 2462 1122 2544 Quod
1138 2463 1296 2528 iudicium

120 2573 223 2657 ipsius
249 2569 419 2636 Ciceronis
444 2582 505 2651 est,
530 2574 647 2658 quise
672 2581 818 2654 excusat,
845 2572 934 2659 quod
955 2583 1021 2637 tam
1044 2569 1182 2656 frigidos
1205 2574 1297 2636 iocos

22 2675 23 2688 *
120 2677 303 2763 proferat2).
353 2678 450 2744 Aliud
483 2689 593 2744 autem
621 2679 744 2744 dictum
773 2678 943 2745 Ciceronis
972 2677 1042 2764 (66)
1074 2680 1171 2768 etiarn
1197 2678 1297 2758 Quin-

120 2784 232 2850 tiliano
256 2785 375 2872 placet.

22 2899 23 2922 ¹
227 2893 320 2957 Haec
359 2892 400 2956 de
439 2892 618 2979 generibus
656 2896 690 2959 in
730 2895 809 2959 solis
848 2893 959 2958 verbis
999 2896 1114 2980 positis
1154 2894 1297 2980 disputat

120 2998 355 3083 Quintilianum
381 3022 465 3086 quae
490 3003 518 3064 si
539 3011 772 3088 comparantur
787 3022 863 3065 curn
880 3001 1050 3066 Ciceronis
1067 3001 1295 3088 disputatione,

119 3106 209 3171 illum
242 3129 357 3194 parum
393 3106 490 3172 huius
527 3109 667 3194 vestigia
694 3110 859 3196 pressisse
891 3118 1036 3195 apparet.
1085 3108 1187 3173 Multa
1210 3111 1295 3172 enim

120 3213 239 3278 desunt
271 3213 359 3300 apud
395 3213 643 3294 Quintilianum,
680 3226 715 3280 ut
750 3216 887 3302 parodia
922 3225 954 3280 et
987 3215 1173 3301 proverbia,
1210 3237 1294 3302 quae
1329 3244 1331 3249 ’

119 3331 228 3385 tamen
255 3319 318 3385 alio
347 3320 420 3386 loco
449 3321 502 3406 (§§
530 3322 677 3408 96-98)
712 3336 1023 3406 commemorantum
1059 3323 1138 3388 illud
1175 3323 1295 3388 deinde

119 3451 233 3513 genus,
271 3428 359 3514 quod
384 3428 501 3495 Cicero
525 3439 642 3494 tractat
666 3429 706 3516 ἓξ
730 3431 866 3509 totino,
901 3434 963 3495 iam
993 3431 1035 3494 ab
1059 3429 1113 3495 illo
1137 3433 1172 3495 in
1195 3429 1294 3495 alium

120 3535 228 3600 locum
251 3533 426 3620 relegatur.
473 3537 736 3602 immutationem
772 3548 880 3602 autem
916 3551 947 3602 et
981 3537 1227 3603 translationem
1263 3551 1295 3601 et

119 3643 340 3708 inversionem
377 3665 441 3708 non
479 3645 550 3708 sine
586 3667 688 3709 causa
723 3644 786 3709 alio
820 3645 904 3710 loco'
931 3648 1040 3731 posuit
1073 3643 1293 3725 Quintilianus

119 3749 263 3834 (68J69);
288 3749 391 3816 verba
413 3750 515 3816 relata
540 3755 701 3816 contrarie
726 3754 850 3818 omittit.

225 3857 292 3922 Sed
309 3857 462 3922 diversae
479 3858 650 3923 cuiusdam
665 3859 832 3924 doetrinae
845 3862 986 3945 vestigia
1003 3860 1154 3946 equidem
1171 3861 1293 3924 frustra

120 3967 150 4029 in
174 3965 225 4028 his
250 3965 466 4052 paragraphis
491 3988 623 4051 quaero.
661 3965 891 4052 Amphiboliae
909 3968 1132 4052 adiunguntur
1154 3977 1293 4052 cognata

120 4072 280 4156 quaedam
305 4095 439 4156 genera,
470 4073 622 4159 exempla
650 4072 804 4137 nonnulla
836 4073 1018 4157 adduntur3
1050 4085 1180 4160 praeter
1209 4073 1291 4137 haec

169 4319 468 4381 'ouvmm
537 4299 540 4306 '

226 4408 519 4474 qmmuwm
