3252 5082
701 1240 725 1304 Ι.

180 1416 442 1515 umerorum
476 1417 530 1513 οε
560 1417 748 1515 ridicule
782 1419 982 1516 unctura
1016 1419 1249 1536 rulliuiur.

697 1633 725 1696 1.

296 1755 511 1826 Arinteteles
534 1755 578 1822 de
601 1755 760 1823 ridieulo
785 1756 873 1841 quid
897 1757 1127 1826 iudicaverit„

231 1901 360 1964 Primus
390 1909 547 1986 quantum
571 1902 694 1962 seimus
727 1900 793 1984 egit
823 1901 863 1964 de
892 1899 1030 1964 ridiculo
1055 1901 1139 1984 (περὶ
1163 1899 1298 1984 γελοίου)

123 2006 319 2071 Aristoteles
343 2008 376 2071 in
391 2016 469 2084 'arte
494 2008 636 2092 poetiea3
661 2028 738 2070 nam
762 2006 803 2070 de
821 2007 956 2092 Gorgia,
974 2011 1036 2070 etsi
1052 2030 1095 2072 ex
1109 2007 1297 2073 Aristotelis

123 2113 234 2178 verbis
259 2137 343 2200 quae
368 2116 476 2178 statim
500 2114 633 2178 afferam
652 2113 831 2178 concludas
849 2137 921 2178 eum
939 2114 1024 2179 hane
1040 2137 1109 2178 rem
1126 2125 1297 2194 tractasse,

122 2221 204 2284 certi
227 2219 307 2285 nihil
332 2229 468 2286 constat.
516 2220 560 2284 At
575 2219 773 2285 Aristoteles
789 2223 862 2306 ipse
880 2243 916 2284 se
933 2223 1043 2307 egisse
1061 2222 1102 2284 de
1119 2222 1296 2306 generibus

121 2327 251 2393 ridiculi
267 2337 405 2392 testatur
421 2330 455 2392 in
471 2331 565 2392 tertio
577 2331 655 2391 artis
669 2327 851 2392 rhetoricae
863 2326 947 2393 libro
960 2329 1001 2410 (e.
1016 2330 1067 2405 18,
1080 2352 1111 2415 p.
1127 2327 1236 2393 1419b
1249 2329 1297 2412 3lz

123 2434 197 2519 περὶ
226 2432 263 2496 δὲ
292 2435 359 2498 τῶν
385 2433 526 2512 γελοίων,
556 2431 672 2518 ἐπειδή
702 2455 775 2496 τινα
803 2433 893 2496 δοκεῖ
917 2435 1033 2520 χρῆσιν
1061 2438 1146 2514 ἔχειν
1175 2435 1212 2498 ἐν
1233 2447 1299 2508 τοῖς

122 2539 238 2620 δγῶσι,
259 2544 312 2603 καί
336 2541 405 2605 δεῖν
428 2545 490 2626 ἔφη
512 2544 645 2626 Γοργίας
667 2539 728 2624 τήν
750 2544 811 2622 μὲν
834 2537 983 2625 σπουδήν
1006 2540 1213 2626 διαφθείρειν
1232 2543 1299 2604 τῶν

122 2650 278 2713 ἐναντίων
300 2649 423 2726 γέλωτι,
454 2646 515 2711 τδν
539 2646 576 2710 δὲ
598 2647 722 2726 γέλωτα
749 2647 886 2735 σπουδῇ.
911 2648 1024 2733 ὀρθῶς
1046 2648 1156 2732 λέγων,
1182 2653 1299 2733 εἴρηται

122 2753 216 2818 πόσα
238 2755 307 2839 εἴδη
329 2755 463 2834 γελοίων
485 2756 572 2819 ἐστίν
594 2756 631 2818 ἐν
653 2766 720 2829 τοῖς
742 2757 816 2840 περὶ
839 2756 1006 2839 ποιητικῆς
1029 2755 1094 2820 κιλ.

229 2864 321 2928 Idem
357 2873 493 2928 testatur
528 2866 561 2927 in
590 2865 687 2949 primi
715 2863 788 2927 libri
818 2866 924 2948 eapite
955 2865 993 2927 11
1020 2863 1297 2950 (p.1371b34):

125 2973 243 3051 ὁμοίως
266 2968 376 3032 δὲκαὶ
401 2971 470 3032 ἐπεὶ
500 2969 518 3054 ἡ
551 2968 669 3032 παιδιὰ
697 2971 764 3032 τῶν
787 2968 893 3053 ἡδέων
915 2971 968 3033 καί
991 2970 1087 3031 πᾶσα
1109 2968 1216 3042 ἄνεσις
1232 2967 1298 3057 [καί

124 3076 141 3140 δ
167 3077 265 3155 γέλως
288 3077 354 3141 τῶν
378 3075 505 3164 ἡδέωνλ,
530 3075 656 3160 ἀνάγκη
679 3079 731 3139 καί
755 3075 797 3140 ιὰ
819 3077 928 3154 γελοῖα
951 3075 1034 3160 Ιἡδέα
1057 3074 1149 3158 εἶναι,
1167 3078 1219 3139 καί
1243 3073 1298 3140 ἇν-

122 3182 278 3269 θροίπους
301 3187 353 3246 καί
377 3182 492 3262 λόγους
516 3187 568 3246 καί
592 3188 678 3266 ἔργα·
705 3183 870 3268 διώριυιαι
893 3183 931 3246 δὲ
956 3186 1028 3268 περὶ
1051 3183 1182 3261 γελοίων
1203 3186 1300 3268 χωρίς

121 3293 157 3355 ἐν
180 3294 341 3376 τοῖςπερὶ
365 3294 539 3375 ποιιγιικῆς,
619 3282 622 3288 ’

230 3401 267 3464 ln
292 3410 360 3464 arte
384 3402 513 3487 poetica
536 3402 634 3484 igitur
658 3399 792 3463 uberius
823 3402 889 3483 egit
912 3399 1108 3463 Aristoteles
1134 3400 1173 3462 de
1197 3421 1297 3483 gene-

121 3509 214 3573 ribus
238 3507 381 3590 ridiculi3
407 3516 439 3571 at
462 3509 495 3571 in
519 3530 558 3570 eo
575 3506 658 3571 libro
684 3509 739 3592 qui
762 3505 804 3569 ed
827 3515 972 3570 nostram
994 3516 1133 3570 aetatem
1149 3508 1299 3593 pervenit

122 3617 163 3682 de
186 3618 226 3680 iis
255 3613 336 3680 nihil
363 3616 535 3679 invenitur.
582 3614 676 3678 Haec
707 3636 813 3700 pauca
839 3612 943 3676 verbe
970 3615 1100 3677 notione
1137 3634 1215 3676 sane
1251 3612 1297 3677 di·

121 3725 282 3810 gnissime
305 3721 401 3786 hodie
427 3730 557 3786 exstant
572 3728 615 3806 (c.
632 3721 664 3802 5,
681 3744 712 3806 p.
732 3722 843 3785 1449a
859 3719 928 3805 30):
956 3717 973 3802 ἡ
992 3717 1030 3782 δὲ
1044 3717 1197 3805 κωμῳδία
1211 3719 1299 3782 ἒοιίν

122 3829 231 3913 ὥσπερ
254 3833 388 3909 εἴπομεν
410 3829 539 3911 μίμησις
561 3826 770 3912 φαυλοτέρων
793 3831 863 3907 μέν,
888 3823 926 3888 οὔ
948 3830 1057 3907 μέντοι
1080 3823 1162 3888 κατὰ
1186 3825 1298 3888 πᾶσαν

122 3939 237 3998 κακίαν
253 3955 259 3968 ·
275 3931 359 3998 ἆλλδ
384 3935 443 3998 τοῦ
460 3935 592 4019 αἰσχροῦ
610 3935 678 3998 ἐστι
693 3930 731 3997 ιδ
746 3933 870 4012 γελοῖον
884 3929 1000 4015 μδριον
1018 3949 1025 3962 “
1042 3929 1080 3996 τὸ
1095 3931 1157 4017 γὰρ
1171 3929 1297 4009 γελοῐδν

122 4047 208 4107 ἐστιν
235 4039 411 4127 ἁμάρτημα
442 4065 473 4103 τι
500 4042 551 4103 καί
582 4038 720 4125 οἶσχοςῐ)
749 4038 918 4104 ἀνώδυνον
948 4041 1002 4102 καὶ
1029 4037 1068 4103 ου’
1099 4036 1296 4124 φθαρτικόν,

122 4148 189 4214 οίον
212 4146 318 4223 εδθδς
341 4148 378 4212 ιδ
403 4147 526 4227 γελοῖον
550 4146 729 4230 πρόσωπον
756 4145 889 4232 αἰσχρόν
912 4173 943 4210 ιι
966 4149 1020 4209 καί
1045 4147 1296 4231 διεσεραμμένον

123 4255 198 4320 ἄνευ
222 4253 351 4340 δδδνης.

230 4436 251 4500 ¹)
271 4433 305 4488 ef.
325 4434 407 4488 Plato
427 4434 461 4486 de
481 4433 587 4502 republ.
607 4431 631 4484 V
651 4432 668 4484 4
687 4451 713 4500 p.
732 4431 785 4484 452
805 4431 835 4483 Ε.
