3252 5082
602 407 825 472 „37-

113 587 322 652 Ciceronem
359 586 420 651 sibi
456 589 564 672 ipsum
601 587 775 671 collegisse
811 586 920 650 facete
948 586 1045 668 diota,
1083 595 1117 650 ut
1152 586 1305 651 utebatur

116 693 319 758 collectione
337 694 498 759 dictorum
516 691 660 775 Catonis,
682 703 780 779 atque
797 693 960 758 dictorum
975 715 1096 777 genera
1115 693 1305 758 discernere

118 810 280 866 conatum
303 823 390 880 esse,
426 803 471 864 ita
494 809 530 864 ut
552 822 676 884 genera
702 798 859 863 nonnulla
883 821 967 886 quae
990 808 1108 864 tractat
1132 802 1237 886 magis
1262 801 1304 864 ad

115 907 379 994 explicationem
405 908 567 973 dictorum
591 909 725 972 inventa
749 909 823 970 sint.

236 1014 329 1095 Quae
354 1024 462 1098 autem
487 1015 590 1095 §269
614 1023 772 1079 tractatur
796 1013 1014 1078 dissimulatio
1039 1015 1214 1079 minusad
1239 1018 1302 1078 sin-

118 1121 224 1206 gulos
250 1121 380 1186 ridiculi
403 1122 494 1186 locos
518 1123 683 1208 pertinere
707 1122 837 1185 videtur
861 1144 959 1207 quam
983 1121 1025 1186 ad
1048 1131 1151 1187 totum
1174 1122 1306 1186 iocandi

118 1251 243 1314 genus,
274 1230 362 1315 quod
385 1229 426 1294 ab
451 1228 632 1294 Aristotele
661 1228 870 1293 dividebatur
897 1233 929 1292 in
954 1229 1119 1311 εἰρωνείαν
1142 1239 1175 1292 et
1201 1231 1306 1308 βωμο-

119 1336 249 1415 λοχίαν.
298 1337 348 1400 Ao
373 1336 488 1402 Cicero
513 1337 585 1422 ipse
603 1335 687 1400 hanc
711 1338 849 1400 ironiam
871 1336 1042 1420 distinguit
1065 1335 1106 1400 ab
1131 1335 1186 1400 illa
1210 1359 1306 1421 supe·

123 1445 228 1524 riore,
254 1465 351 1530 quam
376 1442 516 1508 vocabat
539 1445 761 1508 inversionem
786 1443 815 1527 (ξ
840 1442 927 1526 262).

238 1549 450 1614 Subnectitur
489 1552 509 1630 ξ
546 1551 610 1614 272
650 1552 780 1636 species
821 1549 981 1635 quaedam
1022 1548 1305 1614 dissimulationis:

119 1653 240 1742 ‘quom
265 1657 402 1722 honesto
427 1657 528 1721 verbo
552 1659 671 1721 vitiosa
695 1680 748 1721 res
772 1653 977 1743 appellatur’.

238 1764 344 1828 Etiam
369 1766 553 1850 proximum
574 1787 680 1849 genus
703 1765 782 1849 (273
805 1764 915 1849 ‘quom
940 1786 981 1828 ex
1005 1763 1139 1827 alterius
1164 1765 1308 1827 oratione

123 1870 218 1934 aliud
243 1873 390 1958 excipias
407 1882 504 1956 atque
520 1871 574 1935 ille
591 1868 683 1953 volt)
700 1881 809 1958 potest
824 1871 1032 1936 adnumerari
1048 1871 1309 1952 dissimulationi,

123 1989 229 2063 atque
254 1981 362 2042 omnia
387 2001 470 2064 quae
495 1989 652 2043 secuntur
667 2001 792 2064 genera
815 1979 909 2064 quasi
934 2001 992 2063 per
1016 1977 1310 2043 dissimulationem

127 2085 227 2162 fiunt;
264 2108 340 2149 nam
380 2089 434 2171 qui
470 2082 701 2150 ‘subabsurda'
728 2085 822 2170 (274)
860 2085 947 2166 dicit,
984 2108 1048 2149 non
1085 2084 1155 2170 ipse
1192 2082 1309 2148 stultus

126 2205 193 2270 est,
220 2193 281 2256 sed
305 2215 341 2256 se
371 2192 504 2258 stultum
534 2211 608 2256 esse
647 2192 786 2257 simulat.
835 2193 993 2258 Eiusdem
1021 2194 1154 2277 generis
1180 2193 1310 2279 species

127 2300 321 2384 adiungitur
345 2304 365 2380 ξ
390 2301 472 2363 275:
507 2297 561 2362 ¹ex
591 2323 655 2386 quo
674 2279 806 2384 genere
839 2309 890 2363 est
915 2302 1012 2363 etiam
1043 2322 1109 2363 non
1133 2298 1237 2362 videri
1263 2301 1309 2360 in·

128 2404 290 2490 tellegere
315 2407 401 2491 quod
425 2403 622 2491 intellegas'„

241 2514 362 2576 Faceta
384 2512 529 2598 repulsio
555 2513 674 2578 deinde
699 2514 792 2596 (277)
817 2516 932 2599 paucis
955 2513 1067 2577 verbis
1092 2511 1282 2576 absolvitur,

240 2621 429 2684 Proximum
453 2643 558 2706 genus
585 2619 661 2705 (278
688 2617 790 2684 ‘salsa
821 2631 898 2685 sunt
926 2623 1033 2698 etiam,
1070 2642 1153 2706 quae
1189 2619 1312 2683 habent

131 2727 356 2813 suspicionem
380 2728 508 2791 ridiculi
532 2724 784 2810 absconditam')
801 2731 915 2792 nescio
933 2751 975 2792 au
999 2750 1190 2813 comparare
1214 2726 1313 2791 liceat

132 2857 209 2898 cum
246 2835 406 2899 Demetrii
441 2838 611 2917 κατηγορίᾳ
644 2832 909 2921 οίποκεκρυμμένῃ
946 2833 975 2918 (ξ
1007 2836 1091 2921 155),
1128 2857 1212 2920 quae
1247 2856 1312 2897 una

135 2940 252 3006 saltem
277 2944 407 3027 species
430 2944 562 3026 generis
588 2941 796 3006 Ciceroniani
821 2953 880 3006 est.

242 3050 396 3113 Proxima
423 3049 630 3135 paragrapho
655 3049 760 3133 (279)’
777 3050 841 3114 duo
876 3072 1000 3134 genera
1033 3053 1117 3113 inter
1151 3069 1187 3110 se
1212 3069 1311 3133 oppo-

136 3165 266 3236 nuntur,
304 3177 388 3240 quae
422 3157 455 3217 in
491 3155 600 3226 indole
636 3179 674 3218 ac
710 3155 856 3219 moribus
894 3156 1059 3219 hominum
1095 3157 1202 3241 posita
1237 3166 1313 3218 sunt

136 3261 369 3339 (stomachosa
394 3272 425 3324 et
449 3265 544 3348 quasi
569 3260 773 3326 submorosa'
798 3265 959 3326 -iocus
983 3263 1123 3326 hominis
1147 3258 1311 3347 ‘patientis

137 3393 178 3432 ac
202 3365 321 3453 lenis').
601 3369 606 3376 ’

243 3476 439 3540 Tractantur
463 3477 583 3542 deinde
619 3475 701 3540 haec
730 3500 864 3562 genera,
902 3499 986 3561 quae
1015 3499 1207 3540 enumerare
1233 3479 1312 3540 satis

138 3583 261 3647 lrebeo:
293 3588 357 3647 ‘est
381 3586 477 3648 etiam
502 3583 658 3650 stultitiae
683 3584 772 3648 salsa
794 3583 1007 3668 reprehensio
1034 3582 1138 3667 (280);
1199 3633 1201 3638 -

244 3702 378 3755 movent
407 3694 503 3756 etiam
531 3691 597 3765 illa,
634 3713 717 3775 quae
747 3693 935 3756 coniectura
964 3689 1181 3776 explanantur
1216 3691 1312 3775 longe

136 3798 231 3863 aliter
254 3807 353 3884 atque
378 3808 462 3880 sunt,
487 3798 547 3862 sed
571 3810 666 3862 acute
691 3810 789 3884 atque
814 3801 973 3863 concinne
998 3796 1107 3881 (280);

243 3905 369 3971 ridetur
393 3908 488 3970 etiarn
514 3906 737 3991 discrepantia
761 3906 868 3990 (281);

246 4012 330 4078 bella
346 4015 442 4076 etiam
460 4025 511 4077 est
525 4012 694 4076 familiaris
711 4012 923 4098 reprehensio
941 4015 1035 4099 quasi
1053 4015 1192 4077 errantis
1209 4012 1313 4097 (281);

246 4121 321 4184 huic
346 4119 460 4184 similis
485 4131 535 4183 est
558 4122 655 4184 etiarn
672 4119 849 4184 admonitio
873 4123 907 4184 in
925 4121 1062 4184 consilio
1087 4120 1196 4185 dando
1220 4119 1313 4183 fami-

140 4228 228 4294 liaris
253 4227 359 4312 (282);

246 4333 368 4399 bellum
393 4337 489 4399 etiam
519 4344 580 4415 est,
613 4356 710 4419 quom
735 4335 813 4419 quid
844 4338 961 4419 cuique
987 4337 1029 4397 sit
1057 4345 1315 4399 consentaneum

140 4438 268 4508 dicitur'
293 4442 393 4526 (283).
