3252 5082
812 363 1010 425 „8-

324 537 593 628 είρωνενίμενοι1)
620 538 781 623 χαρίεντες
809 537 1020 623 φαίνονταιῖ).
1068 537 1223 602 Ceterum
1248 547 1409 602 oratorem
1434 561 1499 602 non

325 648 443 713 decere
472 646 654 711 secundum
682 645 869 711 Aristotelis
905 646 1086 709 doctrinam
1120 641 1269 718 ἀλαζόνα
1305 647 1409 727 essai)
1445 644 1497 708 vel

326 778 368 818 ex
392 777 430 842 ea
453 777 489 818 re
515 753 704 835 concludas,
731 752 819 840 quod
842 755 875 816 in
900 755 978 816 artis
1002 751 1184 816 rhetoricae
1208 751 1261 816 illo
1285 751 1370 834 loco,
1400 773 1497 836 quem

326 860 673 946 initio‘dissertationis
689 859 781 924 attuli
798 865 843 945 (p.
864 860 949 923 1419
966 858 986 922 b
1004 859 1023 922 3
1038 861 1124 944 sqq.)
1140 855 1314 931 ἀλαζονεία
1331 860 1496 923 omittitur.

325 947 376 1033 Ibi
388 970 486 1053 igitur
500 977 796 1032 commemorantur
807 967 951 1048 elocutio
964 976 997 1030 et
1008 963 1201 1047 βωμολοχία,
1210 988 1347 1052 quarum
1360 976 1497 1050 utraque

325 1077 439 1140 vitium
465 1084 528 1155 est3
551 1097 628 1138 narn
644 1071 861 1156 εὐτραπελίαν
877 1074 1098 1160 adpetendam
1115 1096 1191 1138 esse
1207 1075 1420 1159 perspicuum
1436 1085 1495 1138 est.

326 1183 452 1248 Tamen
475 1184 578 1245 ironia
602 1167 738 1266 propius
755 1181 883 1246 accedit
907 1181 947 1244 ad
965 1176 1181 1263 εὐτραπελίαν
1205 1189 1237 1244 et
1259 1202 1364 1266 paene
1388 1180 1495 1246 locum

325 1292 396 1354 eius
420 1297 518 1369 tenet,
546 1287 729 1368 βωμολοχία
760 1289 1004 1352 condemnatur.
1052 1287 1105 1350 De
1130 1290 1253 1352 scurris
1285 1297 1394 1351 autem
1419 1289 1497 1374 quid

326 1397 518 1461 iudicaverit
541 1394 755 1479 philosophus
785 1396 870 1458 scire
893 1396 1037 1458 maxime
1066 1403 1179 1458 nostra
1202 1396 1352 1477 interest3
1387 1397 1498 1480 itaque

325 1526 426 1586 unum
452 1501 559 1566 locum
590 1497 786 1573 exacribam,
824 1511 950 1564 ceteros
987 1499 1163 1564 adnotabo:
1200 1502 1231 1564 οἱ
1263 1503 1323 1580 μὲν
1357 1499 1418 1564 οὐν
1451 1503 1495 1585 τῷ

324 1608 436 1694 γελοίῳ
473 1605 731 1689 ὑπερβάλλοντες
769 1606 949 1688 βωμολόχον
983 1605 1134 1669 δοκοῦσιν
1157 1604 1239 1670 εἶναι
1267 1608 1319 1669 καί
1344 1611 1496 1694 φορτικοί,

323 1713 509 1797 γλιχόμενοι
538 1711 670 1787 πάντως
697 1712 752 1777 τού
779 1714 909 1790 γελοίου,
947 1715 999 1775 καί
1031 1713 1158 1794 μᾶλλον
1186 1713 1417 1795 στοχαζόμενον
1438 1717 1493 1778 τοῦ

323 1821 446 1900 γέλωτα
475 1823 611 1904 ποιῆσαν
641 1825 660 1904 ἢ
689 1821 745 1884 τοῦ
777 1821 881 1898 λέγειν
908 1818 1094 1903 εὐσχήμονα
1120 1823 1173 1883 καί
1208 1819 1251 1904 μή
1288 1821 1404 1886 λυπεῖν
1438 1820 1497 1884 τὸν

325 1926 569 2009 σκωπτόμενον,·
595 1930 636 1992 cf.
662 1939 834 2014 praeterea
857 1952 889 2014 p.
916 1929 1000 1993 1128
1025 1951 1044 1992 a
1070 1929 1109 1992 12
1124 1951 1207 2015 sqq.,
1231 1931 1273 1994 34
1287 1953 1359 2017 sqq.

431 2037 482 2100 De
508 2059 571 2100 usu
596 2045 703 2100 autem
736 2035 789 2099 vel
814 2036 854 2099 de
884 2036 1002 2098 effectu
1037 2036 1092 2097 τού
1120 2032 1310 2115 σκώμματος
1338 2039 1435 2101 etiam
1465 2039 1498 2100 in

325 2143 426 2208 altero
451 2146 529 2207 artis
553 2142 735 2207 rhetoricae
759 2141 841 2206 libro
866 2140 940 2227 (cap
969 2143 1036 2226 2p,
1060 2143 1141 2207 1379
1155 2166 1174 2206 a
1190 2143 1232 2207 29
1246 2147 1332 2229 sqq.)
1350 2144 1499 2230 dispersa

325 2250 486 2334 quaedam
509 2249 672 2334 leguntur,
699 2271 781 2334 quae
805 2249 890 2312 infra
915 2249 1150 2313 adsciscemus.

896 2552 927 2615 2.

666 2729 718 2796 ue
742 2731 902 2796 tractatu
926 2729 1163 2798 Golsllniano.

431 2873 469 2936 In
500 2875 743 2946 commentariis
767 2882 915 2936 veterum
946 2873 985 2937 de
1017 2874 1154 2938 historia
1189 2884 1221 2938 et
1250 2875 1291 2938 de
1321 2877 1498 2960 generibus

325 2980 514 3043 comoediae
554 2979 703 3044 Graecae
746 2981 940 3065 conscriptis
981 2981 1045 3044 duo
1085 2986 1207 3047 servati
1247 2993 1323 3046 sunt
1361 2983 1499 3068 catalogi

324 3087 471 3152 locorum
495 3085 633 3169 ridiculi,
659 3109 796 3172 quorum
821 3086 902 3151 alter
923 3098 1029 3151 exstat
1054 3090 1087 3152 in
1110 3098 1249 3154 tractatu
1267 3113 1363 3176 quern
1389 3091 1501 3154 dicunt

324 3193 524 3259 Coisliniano
550 3191 581 3278 (ξ
597 3193 665 3279 3)⁴)‚
691 3194 827 3258 alterum
851 3216 958 3278 nuper
981 3195 1124 3259 Tnetzae
1148 3197 1260 3261 tribuit
1284 3197 1499 3283 Kaibelius⁵):

325 3311 497 3386 utrumque
522 3323 563 3363 ex
592 3301 707 3365 eodem
739 3302 830 3365 fonte
858 3300 996 3366 fluxisse
1028 3314 1153 3368 certum
1178 3315 1236 3368 est.
1285 3305 1338 3368 De
1362 3316 1500 3370 tractatu

324 3406 525 3473 Coisliniano
561 3407 668 3472 fusius
705 3410 772 3492 egit
795 3408 936 3472 Iacobus
965 3410 1114 3495 Bernays
1149 3413 1183 3474 in
1212 3435 1251 3476 ea
1280 3403 1499 3497 disputatione

324 3539 421 3602 quam
458 3537 558 3601 supra
593 3516 656 3578 iam
694 3519 948 3579 commemoravi
979 3516 1192 3602 (Erganzung
1224 3539 1265 3582 zu
1294 3519 1499 3607 Aristoteles'

322 3621 460 3700 Poetikl.
509 3624 599 3686 Artis
625 3625 775 3708 poeticae
800 3623 1031 3687 Aristotelicae
1054 3623 1205 3688 lacunam
1231 3625 1385 3711 supplere
1409 3626 1500 3692 volu-

324 3731 390 3792 isse
417 3729 633 3810 Bernaysium
657 3727 711 3792 vel
738 3727 851 3794 titulus
876 3729 1107 3814 disputationis
1131 3731 1264 3815 indicat,
1300 3755 1338 3796 ac
1362 3757 1398 3798 re
1422 3757 1501 3798 vera

323 3857 397 3900 cum
422 3839 576 3900 maiorem
602 3846 728 3921 partem
754 3845 910 3900 tractatus
935 3836 1126 3902 Ooisliniani
1157 3849 1225 3903 tum
1251 3841 1436 3926 catalogum
1461 3865 1502 3904 ex

420 3979 508 3987 a——u

433 4048 451 4112 ¹)
473 4046 562 4100 Velim
582 4051 687 4101 memor
706 4047 743 4100 sis
763 4047 832 4100 artis
850 4047 923 4101 rhet.
942 4067 969 4118 p.
990 4051 1060 4104 1410
1078 4051 1096 4103 b
1116 4051 1158 4104 22.

431 4137 450 4199 ²)
471 4135 506 4189 cf.
525 4138 674 4203 praeterea
693 4154 719 4203 p.
742 4137 809 4188 1127
828 4137 846 4189 b
869 4137 908 4189 14.

431 4224 450 4288 ³)
470 4222 506 4276 cf.
526 4221 621 4277 Cicero
641 4224 676 4278 de
695 4227 765 4278 orat.
785 4226 810 4278 Π
830 4226 889 4278 251.

431 4314 451 4381 ⁴)
470 4313 505 4366 In
523 4312 645 4366 Kaibelii
665 4315 787 4369 editione
807 4315 1030 4384 fragmentorum
1050 4335 1120 4373 com.
1142 4317 1189 4372 Gr.
1204 4319 1287 4372 voll
1310 4321 1324 4372 1
1352 4340 1379 4389 p.
1397 4321 1448 4374 50-
1469 4324 1502 4376 53

431 4404 452 4470 ὁ)
472 4403 588 4473 Legitur
605 4403 633 4455 in
655 4407 855 4459 commentario
876 4423 958 4472 quem
978 4406 1118 4475 significat
1140 4407 1178 4460 Pa
1198 4427 1224 4477 p.
1247 4408 1337 4478 rape.
