3252 5082
811 425 1031 487 ..54-

333 603 431 669 ‘dicto
455 601 590 689 notare')
616 613 682 666 tum
706 601 836 666 accedit
859 604 1000 688 scriptor
1023 601 1109 687 (45);
1136 600 1208 665 ‘sed
1231 601 1357 665 acutior
1381 609 1434 664 est
1454 598 1507 663 illa

332 717 429 796 atque
464 708 610 775 velocior
644 711 677 773 in
711 707 896 773 urbanitate
931 706 1095 772 brevitas'.
1144 706 1267 772 Iterum
1296 707 1361 771 duo
1385 728 1508 791 genera

333 819 588 904 distinguuntur:
625 818 730 880 ‘cuius
765 815 898 903 quidem
933 815 1057 902 duplex
1090 815 1196 880 forma
1232 825 1282 878 est
1310 813 1441 879 dicendi
1470 837 1507 878 ac

332 924 564 1012 respondendi'
590 947 676 1011 eqs.;
712 946 777 1010 qua
801 921 963 988 divisione
995 933 1103 988 tamen
1133 946 1197 987 non
1229 924 1329 987 utitur
1354 923 1507 1007 scriptor,

331 1034 364 1096 in
387 1030 619 1119 respondendo
644 1037 752 1095 autem
776 1029 850 1116 plus
875 1030 1040 1094 facultatis
1062 1030 1132 1094 dari
1149 1029 1191 1094 ad
1207 1030 1314 1094 facete
1331 1027 1506 1093 dicendum

333 1140 429 1205 etiam
454 1137 571 1204 Cicero
596 1137 785 1202 observavit
810 1135 864 1222 (of.
890 1133 966 1222 230)
977 1138 1011 1220 ¹).

439 1248 622 1332 Antequam
646 1244 687 1308 ad
716 1245 822 1330 ipsam
854 1245 1133 1308 enumerationem
1161 1242 1309 1309 locorum
1339 1267 1375 1308 se
1405 1253 1508 1308 vertat

332 1354 482 1440 scriptor,
506 1375 571 1417 non
589 1351 697 1417 omnia
713 1373 836 1435 genera
858 1351 987 1415 ridiculi
1004 1353 1180 1416 convenire
1198 1351 1381 1416 oratoribus
1398 1362 1506 1416 monrt

330 1460 396 1550 (46,
431 1460 472 1524 cf.
498 1459 568 1544 29);
604 1458 691 1522 idem
729 1458 845 1522 eadem
881 1459 1056 1522 occasione
1091 1458 1198 1522 fusius
1231 1459 1367 1544 exponit
1390 1457 1504 1522 Cicero

332 1567 387 1650 (ἐξ
411 1567 559 1652 251152).

437 1673 508 1740 Iam
525 1682 680 1736 secuntur
696 1674 760 1758 ipsi
775 1672 849 1753 loci,
874 1681 971 1757 atque
988 1671 1163 1736 verborum
1179 1694 1302 1757 genera
1324 1670 1504 1736 secundum

330 1779 485 1845 traditum
509 1779 658 1845 ordinem
682 1781 791 1865 priore
816 1779 888 1844 loco
912 1789 1101 1844 tractantur.
1213 1835 1215 1838 .

436 1887 581 1951 Primum
605 1908 710 1970 genus
734 1894 770 1950 ut
793 1886 881 1972 apud
906 1884 1101 1951 Ciceronem
1129 1909 1195 1951 non
1218 1888 1325 1950 minus
1350 1908 1449 1974 quam
1473 1887 1503 1948 in

330 1993 469 2058 Graecis
492 1993 585 2060 libris
621 2005 672 2058 est
707 1992 919 2081 amphibolia,
951 1993 1167 2080 repudiantur
1189 2003 1297 2058 autem
1322 2015 1381 2058 eae
1404 1992 1503 2057 ambi·

328 2101 478 2186 guitates,
511 2124 597 2187 quae
621 2111 676 2166 aut
699 2103 796 2164 nimis
821 2099 1015 2186 obscurae2)
1040 2109 1117 2165 sunt
1139 2111 1195 2165 aut
1218 2100 1316 2164 nimis
1340 2100 1502 2186 vulgares.

330 2208 417 2288 Quin
454 2210 550 2273 etiam
575 2209 692 2274 Cicero
727 2208 988 2295 reprehenditur,
1024 2208 1111 2295 quod
1148 2214 1177 2272 ei
1213 2207 1366 2293 ambigua
1397 2211 1503 2272 minus

328 2302 404 2401 apta
427 2317 622 2400 exciderint;
659 2315 718 2380 sed
744 2315 938 2380 Ciceronem
972 2320 1079 2403 ipsum
1116 2316 1270 2400 ambigua
1297 2338 1362 2380 non
1397 2317 1504 2402 magni

329 2423 502 2488 aestimare
519 2425 670 2488 vidimus.
711 2423 858 2509 Uterque
876 2446 972 2509 porro
988 2423 1179 2508 ambiguum
1197 2446 1271 2487 cum
1296 2423 1359 2488 alio
1383 2445 1504 2509 genere

329 2529 458 2594 ridiculi
497 2530 761 2614 coniungendum
802 2553 877 2594 esse
916 2533 1086 2616 praecipit,
1126 2547 1161 2595 ut
1200 2531 1296 2595 facile
1332 2529 1504 2615 intellegas

329 2635 564 2716 Quintilianum
589 2637 734 2722 pendere
760 2659 802 2701 ex
825 2637 983 2702 Cicerone
1008 2637 1106 2723 (25⁴).
1166 2638 1169 2644 ’

437 2744 489 2807 De
513 2741 713 2830 amphibolia
736 2745 844 2809 fusius
860 2746 928 2829 agit
944 2743 1165 2824 Quintilianus
1181 2745 1248 2809 VII
1263 2746 1294 2823 9,
1319 2742 1375 2807 ubi
1400 2747 1504 2830 prima

328 2852 458 2937 species
495 2852 565 2914 eius
601 2851 812 2937 homonymia
836 2863 896 2934 est,
932 2874 952 2915 a
980 2875 1044 2938 quo
1068 2874 1192 2937 genere
1216 2851 1386 2936 catalogus
1412 2851 1502 2917 Cois·

327 2957 468 3050 linianus
497 2959 651 3044 incipitil.
699 2957 875 3024 Praeterea
902 2958 957 3023 illo
991 2961 1098 3044 capite
1131 2959 1363 3024 discernuntur
1392 2959 1502 3046 plures

328 3074 360 3129 et
384 3064 506 3129 diversi
531 3064 717 3130 intellectus
742 3077 777 3130 ut
799 3066 853 3129 hic
870 3065 901 3151 (ξ
919 3066 988 3149 50);
1014 3065 1250 3146 Quintilianum
1267 3068 1365 3151 igitur
1381 3067 1501 3130 addere

327 3172 489 3258 quaedam
513 3173 665 3236 videmus
690 3173 732 3236 ad
756 3173 1000 3257 ambiguitatem
1029 3175 1237 3259 pertinentia,
1268 3195 1351 3258 quae
1377 3176 1500 3238 omitto·
1543 3251 1546 3258 ¹

327 3278 444 3342 bantur
476 3303 496 3343 a
529 3280 699 3345 Cicerone.
748 3280 864 3344 Eidem
900 3283 1015 3365 generi
1050 3284 1146 3345 etiam
1182 3284 1334 3366 aenigma
1362 3281 1434 3366 (51)
1473 3292 1503 3344 et

325 3384 516 3473 metalepsis
552 3385 621 3472 (52)
657 3387 890 3472 adiunguntur,
927 3411 1010 3473 quae
1045 3391 1124 3453 vitia
1157 3387 1358 3469 Quintiliano
1394 3391 1501 3476 potius

326 3503 402 3556 sunt
426 3517 524 3580 quam
547 3495 684 3558 virtutes
710 3496 906 3578 orationis4),
932 3506 965 3558 at
988 3505 1096 3560 tamen
1118 3507 1153 3560 ut
1169 3496 1289 3581 frigida
1305 3494 1359 3559 illa
1375 3497 1501 3560 Aristo-

325 3599 398 3662 telis
423 3601 456 3664 in
479 3600 627 3665 ridiculis
652 3600 760 3666 locum
785 3601 916 3669 babent.

433 3707 618 3772 Proximum
660 3731 764 3793 genus
801 3710 964 3794 quomodo
1001 3710 1233 3796 appellandum
1269 3713 1311 3773 sit
1346 3733 1412 3775 non
1448 3712 1502 3774 diu

432 3939 451 4008 ¹)
471 3937 551 3991 Idem
576 3939 611 3992 da
634 3939 794 3993 urbanitate
819 3940 889 3993 dixit
909 3940 1024 4008 Marsus,
1053 3941 1088 3995 cf.
1110 3942 1222 4008 Quintil.
1248 3948 1263 4008 ᾗ
1289 3943 1352 3996 104:
1382 3943 1501 3997 maxime

324 4026 424 4080 idonea
442 4027 478 4079 ad
498 4026 685 4080 resistendum
704 4023 749 4082 vel
768 4029 970 4084 lacessendum.

430 4115 450 4176 ²)
469 4119 485 4181 ᾖ
503 4113 538 4166 47
562 4116 697 4171 ‘obscura'
721 4122 799 4172 recte
822 4119 956 4184 traditur3
985 4121 1168 4189 repudiantur
1197 4121 1297 4174 cadem
1324 4121 1402 4186 vitia,
1432 4137 1501 4190 quae

321 4204 396 4274 apud
415 4204 596 4260 Aristotelem
625 4205 735 4275 saepius
763 4208 947 4276 castigantur,
976 4210 1010 4264 cf.
1040 4211 1110 4264 rhet.
1130 4209 1171 4264 Ill
1198 4230 1225 4279 p.
1255 4210 1321 4263 1410
1351 4211 1367 4264 b
1391 4209 1424 4264 21
1455 4211 1500 4279 (de

322 4293 555 4363 enthymemate);
570 4295 725 4350 obscuritas
738 4297 889 4367 praecipue
902 4299 930 4351 in
942 4299 1116 4368 homonymis
1127 4303 1178 4365 est,
1192 4300 1226 4354 ef.
1238 4299 1333 4362 Quint.
1344 4300 1448 4357 vlita.
1459 4301 1499 4354 13,

429 4383 450 4452 ³)
470 4383 504 4436 cf.
525 4402 610 4452 supra
628 4403 655 4453 p.
677 4385 718 4439 10.

428 4477 449 4541 ⁴)
471 4471 506 4524 cf.
527 4472 591 4524 Vlll
611 4473 636 4540 6,
657 4475 703 4535 14;
723 4475 770 4531 372
791 4477 833 4527 52.
