3252 5082
814 405 1038 470 -13-.

445 584 463 664 ἕ
501 583 564 648 136
604 585 744 668 scriptor
778 586 895 648 transit
930 584 971 647 ad
1007 585 1247 649 enumerandos
1287 585 1390 669 locos,
1432 609 1515 672 quoe

338 691 446 754 statim
469 692 504 753 in
527 712 567 754 ea
583 711 705 774 genera
721 687 887 771 discernit,
906 713 989 776 quae
1008 694 1072 755 iam
1088 694 1255 756 novimus:
1281 689 1367 774 ἦσαν
1383 691 1420 755 δὲ
1435 690 1515 776 ἡμῖν

338 797 373 858 αἱ
397 797 458 876 μὲν
479 796 515 858 ἐν
537 795 575 883 τῇ
601 795 694 869 λέξει,
720 797 754 857 αἱ
778 794 815 858 δὲ
837 797 872 859 ἐν
895 807 961 869 τοϊς
984 795 1171 882 πράγμασιν
1182 799 1212 882 ¹).
1253 799 1384 864 Deinde
1402 822 1512 885 quam-

339 925 438 988 quam
460 905 495 967 in
519 905 636 968 ceteris
662 904 906 969 characteribus
931 904 1159 969 describendis
1176 929 1194 968 a
1210 906 1344 989 rebun2)
1357 909 1513 994 vincipere

339 1009 431 1091 solet,
456 1009 509 1073 hic
534 1031 608 1072 eum
637 1013 786 1096 sequitur
813 1011 970 1093 ordinem,
1004 1033 1101 1096 quem
1131 1011 1273 1076 vidimus
1309 1015 1342 1077 in
1376 1011 1514 1079 tractatu

337 1114 549 1197 Ooisliniano,
575 1117 660 1180 infra
683 1119 886 1202 reperiemus
904 1119 991 1204 apud
1009 1118 1202 1183 Ciceronem
1220 1129 1251 1182 et
1268 1119 1513 1199 Quintilianum.

444 1223 525 1288 Loci
548 1224 646 1306 igitur
663 1223 868 1308 colliguntur,
886 1246 903 1286 e
921 1224 1041 1309 quibus
1058 1224 1197 1289 trahitur
1213 1236 1380 1308 venustas,
1399 1227 1514 1291 eodem

338 1330 433 1395 modo
467 1352 531 1416 quo
569 1329 667 1393 sedes
701 1329 831 1393 ridiculi
863 1328 1068 1414 colliguntur,
1098 1354 1137 1394 ac
1166 1354 1231 1396 non
1261 1331 1366 1396 solum
1399 1333 1513 1397 eodem

337 1438 435 1502 modo
460 1439 598 1502 instituti
623 1449 715 1500 erant
738 1435 812 1501 libri
836 1437 877 1500 de
893 1448 1099 1502 venestutate
1117 1440 1239 1524 scripti,
1258 1439 1317 1503 sed
1335 1442 1433 1503 etiam
1451 1440 1515 1504 loci

338 1567 443 1631 paene
478 1544 578 1609 iidem
616 1554 716 1607 erant.
763 1544 837 1608 Non
872 1553 978 1608 tamen
1017 1547 1125 1609 omnia
1158 1567 1281 1630 genera
1316 1549 1439 1631 pariter
1474 1547 1515 1610 ad

337 1654 439 1716 risum
464 1650 664 1715 movendum
688 1659 764 1736 apta
789 1660 874 1733 sunt,
892 1654 1051 1715 utstatim
1069 1654 1101 1714 in
1118 1655 1232 1737 primis
1248 1651 1330 1716 locis
1349 1655 1517 1735 (correpto

339 1760 412 1839 137,
440 1756 529 1832 τάξις
556 1759 634 1838 139)
669 1758 845 1822 ridiculum
881 1757 978 1844 plane
1016 1759 1207 1843 neglegitur.
1255 1761 1303 1822 Ne
1334 1763 1367 1825 in
1400 1761 1513 1844 figuris

340 1866 482 1952 quidem,
509 1887 591 1950 quae
617 1874 797 1928 tractantur
812 1866 849 1948 ἓξ
868 1865 1001 1950 most-1,
1027 1865 1200 1930 ridiculum
1226 1878 1512 1949 commemoratum

335 1983 445 2036 tamen
468 1995 534 2035 non
558 1971 819 2036 obliviscendum
841 1982 892 2036 est
907 1972 970 2037 hoc
985 1995 1091 2057 genus
1108 1976 1141 2036 in
1156 1983 1296 2038 tractatu
1314 1957 1514 2038 Coisliniano

338 2103 413 2143 esse
437 2081 521 2142 inter
544 2078 635 2143 locos
660 2079 798 2143 ridiculi.
846 2081 910 2143 Hic
934 2089 1042 2144 autem
1066 2082 1117 2143 vis
1141 2081 1294 2145 vocabuli
1318 2080 1427 2164 σχῆμα
1449 2084 1514 2144 iam

337 2188 504 2274 proprium
530 2185 629 2250 habet
652 2208 788 2251 sensum
812 2186 1019 2268 rhetoricum,
1039 2190 1094 2274 qui
1111 2189 1199 2274 apud
1215 2187 1427 2252 Aristotelem
1451 2211 1514 2252 non

339 2304 409 2368 erat
445 2295 649 2370 constitutus,
689 2316 785 2378 quem
813 2304 922 2358 tamen
954 2295 1137 2358 secundum
1166 2295 1354 2359 Aristotelis
1386 2295 1515 2360 dicendi

338 2423 434 2464 usum
458 2399 556 2463 facile
581 2403 728 2464 nancisci
752 2410 890 2487 poterat.

444 2507 481 2570 ln
513 2509 553 2570 iis
583 2529 666 2593 quae
695 2517 851 2572 secuntur
880 2508 979 2572 alium
1004 2510 1214 2592 agnoscimus
1240 2519 1398 2573 tractatus
1426 2509 1514 2573 Cois·

337 2615 450 2679 liniani
484 2613 611 2697 locum3
647 2637 722 2678 nam
756 2637 795 2679 ea
818 2638 942 2700 genera
966 2639 1050 2701 quae
1076 2625 1307 2680 enumerantur
1332 2612 1511 2700 (μεταφορά

341 2722 414 2802 142,
453 2719 557 2801 ὄνομα
586 2717 749 2783 σύνθετον
771 2721 823 2782 καὶ
848 2719 1089 2805 διθυραμβικὸν
1114 2723 1187 2804 143,
1217 2721 1320 2802 ὄνομα
1343 2719 1513 2800 ἰδιωτικόν,

338 2830 558 2910 πεποιημένον
583 2828 655 2909 144,
682 2825 771 2910 nopai
797 2823 858 2909 τήν
881 2830 1010 2918 θέσιγ3)
1037 2829 1114 2911 145)
1144 2831 1253 2893 omnia
1282 2833 1412 2915 species
1441 2841 1514 2894 sunt

337 2934 502 3019 exallages
535 2934 806 3017 Aristotelicae4).
854 2936 982 3021 Tropos
1017 2939 1235 3021 posteriorum
1265 2936 1431 3000 rhetorum
1462 2937 1513 3000 hic

338 3045 532 3114 enumerari,
558 3041 755 3105 vocabulum
780 3045 887 3128 ipsum
912 3065 977 3107 non
1002 3043 1151 3107 adhiberi
1178 3053 1267 3108 recte
1291 3053 1403 3108 monet
1426 3045 1514 3108 Lier·

338 3148 452 3233 sium),
489 3152 543 3235 qui
580 3171 619 3213 ea
655 3173 697 3212 ex
730 3155 766 3212 re
796 3149 961 3215 concludit
989 3150 1086 3215 huius
1116 3153 1285 3236 scriptoris
1314 3151 1512 3236 temporibus

336 3280 402 3321 non
440 3257 592 3320 usitatum
629 3256 733 3320 fuisse
769 3255 965 3321 vocabulum
1001 3249 1124 3340 τρόπος
1152 3281 1191 3321 ac
1219 3280 1254 3320 rc
1288 3281 1368 3322 vera
1397 3257 1512 3322 librum

337 3367 497 3449 scripturn
515 3385 590 3427 esse
607 3387 626 3426 a
644 3363 814 3428 Phalereo.
861 3363 929 3427 Nos
956 3367 1083 3428 cautius
1107 3365 1189 3429 fonti
1213 3365 1275 3428 hoc
1300 3365 1512 3429 attribuemus

338 3483 435 3558 atque
473 3455 511 3536 ea
547 3473 620 3558 ipsa
654 3495 688 3535 re
714 3471 900 3535 confirmari
924 3472 1111 3558 putabimus
1135 3483 1281 3536 nostram
1306 3473 1515 3536 sententiam:

337 3580 462 3643 fontem
488 3601 563 3642 esse
588 3577 706 3642 librum
732 3578 952 3663 Theophrasti
975 3579 1029 3642 vel
1053 3579 1215 3642 Demetrii
1237 3578 1397 3643 Phalerei.

446 3757 467 3825 ²)
488 3754 664 3822 Quamquam
683 3754 711 3806 in
730 3755 811 3823 parte
831 3771 902 3821 quae
921 3754 1047 3822 sequitur
1066 3771 1096 3810 re
1116 3772 1184 3808 vera
1202 3771 1379 3810 communem
1399 3753 1514 3808 adhibet

338 3845 513 3906 divisionem,
533 3847 628 3898 temen
650 3859 712 3896 eam
731 3844 871 3898 indicasse
896 3841 948 3898 sibi
969 3843 1080 3898 videtur
1099 3845 1156 3898 iam
1174 3849 1189 3912 ᾗ
1210 3844 1271 3909 132,
1289 3845 1338 3897 ubi
1358 3861 1457 3898 sensus
1477 3843 1514 3896 di-

339 3952 436 3988 versus
456 3936 525 3988 erat.

445 4025 465 4089 ⁹)
486 4023 587 4078 Moneo
611 4022 787 4077 Demetrium
810 4023 968 4092 promiscue
993 4024 1028 4076 ad
1049 4024 1169 4076 eandem
1187 4041 1247 4076 rem
1267 4023 1456 4091 signifandam
1475 4023 1514 4074 uti

339 4113 482 4168 vocabulis
503 4110 609 4165 διάνοια
628 4116 658 4166 et
675 4121 794 4184 πρᾶγμα,
808 4112 899 4166 utillo
913 4113 943 4183 ἑξ
962 4112 1005 4180 38,
1027 4113 1086 4178 115,
1108 4112 1167 4182 187,
1188 4113 1247 4176 236,
1268 4113 1320 4166 hoc
1339 4116 1372 4179 ἐξ
1391 4112 1434 4174 to,
1456 4112 1516 4176 190,

339 4202 402 4265 240,
421 4202 483 4256 302.

447 4293 466 4361 ⁸)
488 4290 670 4361 Significubur
688 4291 845 4363 κατάχρησις
865 4292 1011 4361 quaedam.

444 4385 466 4448 ⁴)
487 4381 522 4436 cf.
541 4401 567 4451 p.
590 4382 679 4452 11s12.

447 4474 467 4538 5)
486 4472 539 4524 Zur
559 4471 729 4525 Geschichte
752 4472 801 4524 der
821 4471 964 4540 Stilarten,
983 4469 1156 4524 Fleckeiseni
1175 4487 1239 4527 ann.
1259 4469 1337 4538 1887,
1355 4488 1382 4539 p.
1402 4469 1464 4524 688,
